update_time,last_price,volume,turnover,turnover_rate,ask_price,bid_price,ask_vol,bid_vol,avg_price,amplitude,bid_ask_ratio,volume_ratio,MA5,MA20,MA diff
2020-08-13 13:42:25,9.49,2303140.0,21880346.0,0.033,9.49,9.48,98000.0,68000.0,9.5,4.119,31.022,1.127,,,
2020-08-13 13:45:08,9.49,2315140.0,21994206.0,0.033,9.49,9.48,134000.0,74000.0,9.5,4.119,26.889,1.128,,,
2020-08-13 13:45:39,9.46,2405140.0,22847206.0,0.034,9.48,9.46,146000.0,174000.0,9.499,4.119,41.604,1.165,,,
2020-08-13 13:47:30,9.48,2411140.0,22904066.0,0.034,9.48,9.46,210000.0,186000.0,9.499,4.119,36.010999999999996,1.16,,,
2020-08-13 13:48:30,9.49,2677140.0,25425306.0,0.038,9.49,9.46,136000.0,146000.0,9.497,4.119,32.653,1.2819999999999998,9.482000000000001,,
2020-08-13 13:49:36,9.49,2761140.0,26222226.0,0.039,9.49,9.46,102000.0,74000.0,9.496,4.119,32.385,1.315,9.482000000000001,,
2020-08-13 13:50:37,9.49,2797140.0,26563746.0,0.04,9.49,9.46,72000.0,84000.0,9.496,4.119,35.897,1.3259999999999998,9.482000000000001,,
2020-08-13 13:51:00,9.48,2797140.0,26563746.0,0.04,9.48,9.46,78000.0,84000.0,9.496,4.119,42.857,1.3219999999999998,9.486,,
2020-08-13 13:52:36,9.47,2809140.0,26677306.0,0.04,9.47,9.46,78000.0,76000.0,9.496,4.119,42.14,1.318,9.484,,
2020-08-13 13:52:36,9.47,2809140.0,26677306.0,0.04,9.47,9.46,78000.0,70000.0,9.496,4.119,41.849,1.3130000000000002,9.48,,
2020-08-13 13:52:36,9.47,2811140.0,26696246.0,0.04,9.47,9.46,82000.0,70000.0,9.496,4.119,41.374,1.306,9.475999999999999,,
2020-08-13 13:52:36,9.47,2811140.0,26696246.0,0.04,9.47,9.46,82000.0,74000.0,9.496,4.119,41.568999999999996,1.298,9.471999999999998,,
2020-08-13 13:52:36,9.47,2811140.0,26696246.0,0.04,9.47,9.46,86000.0,74000.0,9.496,4.119,41.098,1.295,9.469999999999999,,
2020-08-13 13:57:36,9.47,2837140.0,26942426.0,0.04,9.47,9.46,86000.0,64000.0,9.496,4.119,39.832,1.2990000000000002,9.469999999999999,,
2020-08-13 13:57:36,9.47,2839140.0,26961366.0,0.04,9.47,9.46,92000.0,64000.0,9.496,4.119,39.0,1.293,9.469999999999999,,
2020-08-13 13:57:36,9.47,2841140.0,26980306.0,0.04,9.47,9.46,92000.0,84000.0,9.496,4.119,40.0,1.288,9.469999999999999,,
2020-08-13 13:57:36,9.47,2845140.0,27018186.0,0.04,9.47,9.46,90000.0,86000.0,9.496,4.119,40.23,1.283,9.469999999999999,,
2020-08-13 13:57:36,9.47,2847140.0,27037126.0,0.04,9.47,9.46,88000.0,86000.0,9.496,4.119,40.558,1.2770000000000001,9.469999999999999,,
2020-08-13 13:57:36,9.47,2847140.0,27037126.0,0.04,9.47,9.46,100000.0,86000.0,9.496,4.119,39.187,1.271,9.469999999999999,,
2020-08-13 14:03:41,9.47,2865140.0,27207566.0,0.040999999999999995,9.47,9.46,92000.0,88000.0,9.496,4.119,40.681,1.272,9.469999999999999,9.4755,-0.005500000000001393
2020-08-13 14:05:02,9.46,2875140.0,27302246.0,0.041,9.47,9.46,90000.0,92000.0,9.495,4.119,40.777,1.27,9.468,9.474,-0.006000000000000227
2020-08-13 14:05:02,9.46,2875140.0,27302246.0,0.040999999999999995,9.47,9.46,112000.0,94000.0,9.495,4.119,38.19300000000001,1.2670000000000001,9.466,9.4725,-0.0065000000000008384
2020-08-13 14:06:43,9.47,2877140.0,27321186.0,0.041,9.47,9.46,162000.0,98000.0,9.495,4.119,33.03,1.261,9.466,9.472999999999999,-0.006999999999999673
2020-08-13 14:08:15,9.46,2900404.0,27541476.0,0.040999999999999995,9.47,9.46,192000.0,100000.0,9.495,4.119,30.074,1.262,9.464,9.472,-0.007999999999999119
2020-08-13 14:08:34,9.47,2908404.0,27617236.0,0.041,9.47,9.46,188000.0,102000.0,9.495,4.119,30.735,1.261,9.464,9.471,-0.006999999999999673
2020-08-13 14:08:34,9.47,2910404.0,27636176.0,0.040999999999999995,9.47,9.46,186000.0,106000.0,9.495,4.119,30.746,1.2570000000000001,9.466,9.469999999999999,-0.0039999999999995595
2020-08-13 14:08:34,9.47,2910404.0,27636176.0,0.041,9.47,9.46,192000.0,106000.0,9.495,4.119,29.204,1.251,9.468,9.468999999999998,-0.0009999999999976694
2020-08-13 14:12:18,9.47,2918404.0,27711916.0,0.040999999999999995,9.47,9.46,246000.0,104000.0,9.495,4.119,24.964000000000002,1.248,9.468,9.468499999999999,-0.0004999999999988347
2020-08-13 14:12:18,9.47,2918404.0,27711916.0,0.041,9.47,9.46,252000.0,106000.0,9.495,4.119,24.893,1.242,9.469999999999999,9.468499999999999,0.0015000000000000568
2020-08-13 14:12:18,9.47,2918404.0,27711916.0,0.040999999999999995,9.47,9.46,258000.0,106000.0,9.495,4.119,23.94400000000001,1.236,9.469999999999999,9.468499999999999,0.0015000000000000568
2020-08-13 14:12:18,9.47,2920404.0,27730856.0,0.041,9.47,9.46,260000.0,104000.0,9.495,4.119,23.729,1.23,9.469999999999999,9.468499999999999,0.0015000000000000568
2020-08-13 14:12:18,9.47,2926404.0,27787676.0,0.042,9.47,9.46,308000.0,106000.0,9.495,4.119,19.782,1.227,9.469999999999999,9.468499999999999,0.0015000000000000568
2020-08-13 14:17:40,9.46,2932404.0,27844476.0,0.042,9.47,9.46,306000.0,106000.0,9.495,4.119,20.219,1.226,9.468,9.468,0.0
2020-08-13 14:17:40,9.46,2932404.0,27844476.0,0.042,9.47,9.46,314000.0,152000.0,9.495,4.119,22.016,1.2209999999999999,9.466,9.4675,-0.0015000000000000568
2020-08-13 14:19:36,9.46,2948404.0,27995976.0,0.042,9.47,9.46,304000.0,114000.0,9.495,4.119,20.544,1.215,9.464,9.467,-0.0030000000000001137
2020-08-13 14:20:02,9.47,2952404.0,28033856.0,0.042,9.47,9.46,308000.0,120000.0,9.495,4.119,20.323,1.217,9.464,9.467,-0.0030000000000001137
2020-08-13 14:21:24,9.46,2958404.0,28090656.0,0.042,9.47,9.46,314000.0,116000.0,9.495,4.119,20.592,1.214,9.462,9.4665,-0.0045000000000001705
2020-08-13 14:22:04,9.47,2962404.0,28128536.0,0.042,9.47,9.46,310000.0,118000.0,9.495,4.119,20.861,1.21,9.464,9.4665,-0.0024999999999995026
2020-08-13 14:22:04,9.47,2966404.0,28166416.0,0.042,9.47,9.46,306000.0,122000.0,9.495,4.119,21.294,1.206,9.466,9.4665,-0.0005000000000006111
2020-08-13 14:24:53,9.46,2978404.0,28280036.0,0.042,9.47,9.46,312000.0,120000.0,9.495,4.119,21.188000000000002,1.205,9.466,9.466000000000001,-1.7763568394002505e-15
2020-08-13 14:25:16,9.47,2982404.0,28317916.0,0.042,9.47,9.46,306000.0,158000.0,9.494,4.119,23.259,1.203,9.466,9.4665,-0.0005000000000006111
2020-08-13 14:25:16,9.47,2986404.0,28355796.0,0.042,9.47,9.46,308000.0,160000.0,9.494,4.119,22.996,1.199,9.468,9.467,0.0009999999999994458
2020-08-13 14:25:16,9.47,2992404.0,28412616.0,0.042,9.47,9.46,302000.0,122000.0,9.494,4.119,21.188,1.194,9.468,9.467,0.0009999999999994458
2020-08-13 14:25:16,9.47,2992404.0,28412616.0,0.042,9.47,9.46,328000.0,170000.0,9.494,4.119,21.493000000000002,1.1909999999999998,9.468,9.4675,0.0005000000000006111
2020-08-13 14:30:13,9.47,3004424.0,28526425.0,0.043,9.47,9.46,324000.0,164000.0,9.494,4.119,21.345,1.188,9.469999999999999,9.4675,0.0024999999999995026
2020-08-13 14:30:13,9.47,3004424.0,28526425.0,0.043,9.47,9.46,330000.0,166000.0,9.494,4.119,20.978,1.1840000000000002,9.469999999999999,9.4675,0.0024999999999995026
2020-08-13 14:30:13,9.47,3006424.0,28545365.0,0.043,9.47,9.46,330000.0,166000.0,9.494,4.119,20.978,1.179,9.469999999999999,9.4675,0.0024999999999995026
2020-08-13 14:30:13,9.47,3006424.0,28545365.0,0.043,9.47,9.46,336000.0,166000.0,9.494,4.119,20.359,1.175,9.469999999999999,9.4675,0.0024999999999995026
2020-08-13 14:30:13,9.47,3010424.0,28583245.0,0.043,9.47,9.46,328000.0,174000.0,9.494,4.119,21.584,1.171,9.469999999999999,9.4675,0.0024999999999995026
2020-08-13 14:30:13,9.47,3012424.0,28602185.0,0.043,9.47,9.46,278000.0,178000.0,9.494,4.119,25.526,1.166,9.469999999999999,9.4675,0.0024999999999995026
2020-08-13 14:36:01,9.46,3016424.0,28640035.0,0.043,9.47,9.46,336000.0,122000.0,9.494,4.119,18.063,1.163,9.468,9.467,0.0009999999999994458
2020-08-13 14:37:31,9.46,3022424.0,28696835.0,0.043,9.47,9.46,344000.0,122000.0,9.494,4.119,17.755,1.16,9.466,9.4665,-0.0005000000000006111
2020-08-13 14:37:31,9.46,3022424.0,28696835.0,0.043,9.47,9.46,336000.0,124000.0,9.494,4.119,18.48,1.157,9.464,9.4665,-0.0024999999999995026
2020-08-13 14:39:47,9.46,3026424.0,28734695.0,0.043,9.47,9.46,334000.0,124000.0,9.494,4.119,18.635,1.153,9.462,9.4665,-0.0045000000000001705
2020-08-13 14:39:47,9.46,3028424.0,28753615.0,0.043,9.47,9.46,348000.0,134000.0,9.494,4.119,18.856,1.149,9.46,9.4665,-0.006499999999999062
2020-08-13 14:41:36,9.46,3046424.0,28924035.0,0.043,9.47,9.46,344000.0,134000.0,9.494,4.119,19.477,1.151,9.46,9.466000000000001,-0.006000000000000227
2020-08-13 14:42:33,9.46,3052424.0,28980835.0,0.043,9.47,9.46,366000.0,140000.0,9.494,4.119,18.299,1.146,9.46,9.466000000000001,-0.006000000000000227
2020-08-13 14:44:25,9.47,3072424.0,29170155.0,0.044000000000000004,9.47,9.46,362000.0,146000.0,9.494,4.119,19.171,1.145,9.462,9.466000000000001,-0.004000000000001336
2020-08-13 14:45:23,9.47,3090424.0,29340575.0,0.044,9.47,9.46,368000.0,140000.0,9.494,4.119,18.135,1.15,9.464,9.466000000000001,-0.002000000000000668
2020-08-13 14:47:09,9.47,3112424.0,29548855.0,0.044000000000000004,9.47,9.46,420000.0,200000.0,9.493,4.119,16.930999999999994,1.15,9.466,9.4665,-0.0005000000000006111
2020-08-13 14:48:24,9.46,3124424.0,29662435.0,0.044,9.47,9.46,426000.0,202000.0,9.493,4.119,16.748,1.15,9.466,9.466000000000001,-1.7763568394002505e-15
2020-08-13 14:48:24,9.46,3128424.0,29700315.0,0.044000000000000004,9.47,9.46,424000.0,200000.0,9.493,4.119,16.646,1.145,9.466,9.465500000000002,0.0004999999999970584
2020-08-13 14:50:38,9.46,3164424.0,30041135.0,0.045,9.47,9.46,434000.0,194000.0,9.493,4.119,15.777,1.153,9.464,9.465000000000002,-0.0010000000000012221
2020-08-13 14:51:53,9.46,3172424.0,30116875.0,0.045,9.47,9.46,436000.0,198000.0,9.493,4.119,15.84,1.151,9.462,9.464500000000003,-0.0025000000000030553
2020-08-13 14:52:09,9.47,3180424.0,30192635.0,0.045,9.47,9.46,434000.0,200000.0,9.493,4.119,16.082,1.151,9.462,9.464500000000003,-0.0025000000000030553
2020-08-13 14:53:45,9.46,3184424.0,30230495.0,0.045,9.47,9.46,434000.0,202000.0,9.493,4.119,16.043,1.147,9.462,9.464000000000002,-0.0020000000000024443
2020-08-13 14:55:12,9.47,3194424.0,30325155.0,0.045,9.47,9.46,438000.0,202000.0,9.493,4.119,15.764,1.144,9.464,9.464000000000002,-1.7763568394002505e-15
2020-08-13 14:56:25,9.46,3200424.0,30381955.0,0.045,9.47,9.46,438000.0,204000.0,9.493,4.119,15.966,1.1420000000000001,9.464,9.463500000000003,0.0004999999999970584
2020-08-13 14:57:19,9.47,3204424.0,30419835.0,0.045,9.47,9.46,442000.0,140000.0,9.493,4.119,12.219,1.14,9.466,9.463500000000003,0.00249999999999595
2020-08-13 14:57:48,9.46,3206424.0,30438755.0,0.046,9.47,9.46,448000.0,206000.0,9.493,4.119,15.274000000000001,1.136,9.464,9.463000000000005,0.000999999999995893
2020-08-13 14:57:48,9.46,3210424.0,30476615.0,0.046,9.47,9.46,456000.0,202000.0,9.493,4.119,14.524,1.132,9.464,9.463000000000005,0.000999999999995893
2020-08-13 15:00:01,9.47,3224424.0,30609155.0,0.046,9.47,9.46,456000.0,204000.0,9.492,4.119,13.933,1.133,9.464,9.463500000000003,0.0004999999999970584
2020-08-13 15:01:00,9.46,3232424.0,30684875.0,0.046,9.47,9.46,458000.0,202000.0,9.492,4.119,13.827,1.133,9.464,9.463500000000003,0.0004999999999970584
2020-08-13 15:01:00,9.46,3236424.0,30722735.0,0.046,9.47,9.46,462000.0,208000.0,9.492,4.119,14.39,1.129,9.462,9.463500000000003,-0.0015000000000036096
2020-08-13 15:01:00,9.46,3244160.0,30795834.0,0.046,9.47,9.46,470000.0,206000.0,9.492,4.119,13.835,1.128,9.462,9.463500000000003,-0.0015000000000036096
2020-08-13 15:04:25,9.47,3258160.0,30928374.0,0.046,9.47,9.46,426000.0,210000.0,9.492,4.119,17.267,1.127,9.464,9.464000000000002,-1.7763568394002505e-15
2020-08-13 15:05:54,9.47,3294160.0,31269214.0,0.047,9.47,9.46,426000.0,212000.0,9.492,4.119,17.267,1.133,9.464,9.464500000000003,-0.0005000000000023874
2020-08-13 15:06:44,9.47,3316160.0,31477514.0,0.047,9.47,9.46,432000.0,212000.0,9.492,4.119,17.445,1.137,9.466,9.464500000000003,0.0014999999999965041
2020-08-13 15:07:49,9.47,3334160.0,31647954.0,0.047,9.47,9.46,458000.0,218000.0,9.492,4.119,16.407,1.139,9.468,9.464500000000003,0.003499999999997172
2020-08-13 15:08:41,9.46,3350160.0,31799414.0,0.048,9.47,9.46,454000.0,214000.0,9.491,4.119,16.486,1.1420000000000001,9.468,9.464000000000002,0.003999999999997783
2020-08-13 15:09:58,9.46,3368160.0,31969814.0,0.048,9.47,9.46,476000.0,212000.0,9.491,4.119,14.863,1.143,9.466,9.464000000000002,0.001999999999997115
2020-08-13 15:11:04,9.46,3378160.0,32064474.0,0.048,9.47,9.46,472000.0,240000.0,9.491,4.119,14.32,1.143,9.464,9.464000000000002,-1.7763568394002505e-15
2020-08-13 15:11:42,9.47,3386160.0,32140214.0,0.048,9.47,9.46,470000.0,242000.0,9.491,4.119,14.423,1.142,9.464,9.464500000000003,-0.0005000000000023874
2020-08-13 15:13:06,9.46,3406160.0,32329574.0,0.048,9.47,9.46,464000.0,300000.0,9.491,4.119,17.579,1.139,9.462,9.464500000000003,-0.0025000000000030553
2020-08-13 15:14:15,9.47,3418160.0,32443174.0,0.049,9.47,9.46,472000.0,332000.0,9.491,4.119,18.729,1.142,9.464,9.464500000000003,-0.0005000000000023874
2020-08-13 15:15:15,9.46,3452160.0,32764994.0,0.049,9.47,9.46,516000.0,234000.0,9.491,4.119,11.449000000000002,1.145,9.464,9.464500000000003,-0.0005000000000023874
2020-08-13 15:16:17,9.47,3466160.0,32897534.0,0.049,9.47,9.46,526000.0,238000.0,9.491,4.119,10.800999999999998,1.149,9.466,9.464500000000003,0.0014999999999965041
2020-08-13 15:16:36,9.46,3628160.0,34430254.0,0.051,9.47,9.46,526000.0,188000.0,9.488999999999999,4.119,8.134,1.2009999999999998,9.464,9.464500000000003,-0.0005000000000023874
2020-08-13 15:17:50,9.46,3654160.0,34676414.0,0.052000000000000005,9.47,9.46,516000.0,168000.0,9.489,4.119,8.232000000000001,1.205,9.464,9.464000000000002,-1.7763568394002505e-15
2020-08-13 15:19:21,9.47,3662160.0,34752114.0,0.052000000000000005,9.47,9.46,516000.0,182000.0,9.488999999999999,4.119,8.454,1.203,9.464,9.464500000000003,-0.0005000000000023874
2020-08-13 15:20:15,9.47,3668160.0,34808914.0,0.052000000000000005,9.47,9.46,534000.0,186000.0,9.489,4.119,7.381,1.2009999999999998,9.466,9.465000000000002,0.0009999999999976694
2020-08-13 15:20:40,9.47,3674160.0,34865714.0,0.052000000000000005,9.47,9.46,534000.0,184000.0,9.488999999999999,4.119,7.271,1.2009999999999998,9.466,9.465000000000002,0.0009999999999976694
2020-08-13 15:22:30,9.47,3698160.0,35092974.0,0.052000000000000005,9.47,9.46,522000.0,206000.0,9.489,4.119,8.701,1.202,9.468,9.465500000000002,0.0024999999999977263
2020-08-13 15:23:31,9.47,3718160.0,35282334.0,0.053,9.47,9.46,514000.0,202000.0,9.488999999999999,4.119,9.004,1.2,9.469999999999999,9.466000000000001,0.003999999999997783
2020-08-13 15:24:34,9.46,3728160.0,35376994.0,0.053,9.47,9.46,514000.0,196000.0,9.489,4.119,8.806000000000003,1.202,9.468,9.466000000000001,0.0019999999999988916
2020-08-13 15:24:54,9.47,3734160.0,35433814.0,0.053,9.47,9.46,550000.0,202000.0,9.488999999999999,4.119,7.403,1.2009999999999998,9.468,9.466000000000001,0.0019999999999988916
2020-08-13 15:26:08,9.47,3742160.0,35509554.0,0.053,9.47,9.46,546000.0,198000.0,9.489,4.119,7.557,1.199,9.468,9.466000000000001,0.0019999999999988916
2020-08-13 15:27:36,9.46,3750160.0,35585274.0,0.053,9.47,9.46,556000.0,166000.0,9.488999999999999,4.119,-0.243,1.198,9.466,9.465500000000002,0.0004999999999970584
2020-08-13 15:28:51,9.44,3958160.0,37552614.0,0.056,9.45,9.44,524000.0,80000.0,9.487,4.119,3.683,1.26,9.459999999999999,9.464000000000002,-0.004000000000003112
2020-08-13 15:28:51,9.44,3960160.0,37571494.0,0.055999999999999994,9.45,9.44,528000.0,82000.0,9.487,4.119,4.079,1.2570000000000001,9.456,9.463000000000001,-0.0070000000000014495
2020-08-13 15:28:51,9.44,3966160.0,37628134.0,0.056,9.45,9.44,550000.0,100000.0,9.487,4.119,5.354,1.254,9.45,9.462,-0.012000000000000455
2020-08-13 15:28:51,9.44,3976160.0,37722534.0,0.055999999999999994,9.45,9.44,560000.0,146000.0,9.487,4.119,6.4670000000000005,1.253,9.443999999999999,9.461,-0.017000000000001236
2020-08-13 15:32:32,9.44,3984160.0,37798074.0,0.057,9.45,9.44,566000.0,148000.0,9.487,4.119,7.209,1.251,9.439999999999998,9.4595,-0.019500000000002515
2020-08-13 15:34:00,9.49,4924160.0,46692114.0,0.07,9.49,9.48,10000.0,6000.0,9.482000000000001,4.119,26.171,1.54,9.45,9.461,-0.011000000000001009
2020-08-13 15:35:11,9.5,4958160.0,47014874.0,0.07,9.5,9.48,202000.0,176000.0,9.482,4.119,22.209,1.545,9.462,9.4625,-0.0005000000000006111
2020-08-13 15:36:09,9.49,4962160.0,47052854.0,0.07,9.5,9.49,150000.0,114000.0,9.482000000000001,4.119,22.644000000000002,1.54,9.472,9.464,0.007999999999999119
2020-08-13 15:36:16,9.5,4974160.0,47166854.0,0.071,9.5,9.49,144000.0,270000.0,9.482,4.119,25.653,1.539,9.484,9.4655,0.018499999999999517
2020-08-13 15:36:16,9.5,4980160.0,47223854.0,0.071,9.5,9.49,140000.0,208000.0,9.482000000000001,4.119,25.951999999999998,1.536,9.496,9.4675,0.02850000000000108
2020-08-13 15:38:47,9.5,5054160.0,47926754.0,0.07200000000000001,9.5,9.49,80000.0,218000.0,9.482,4.119,30.073,1.5530000000000002,9.498000000000001,9.4695,0.02850000000000108
2020-08-13 15:40:21,9.51,5166160.0,48991314.0,0.073,9.53,9.51,154000.0,142000.0,9.482999999999999,4.119,17.000999999999998,1.581,9.5,9.471499999999999,0.02850000000000108
2020-08-13 15:41:28,9.52,5182160.0,49143774.0,0.07400000000000001,9.53,9.52,108000.0,158000.0,9.483,4.119,14.979,1.581,9.505999999999998,9.474,0.03199999999999825
2020-08-13 15:42:21,9.53,5320160.0,50458854.0,0.076,9.54,9.53,22000.0,58000.0,9.484,4.119,8.156,1.618,9.511999999999999,9.477,0.034999999999998366
2020-08-13 15:43:33,9.53,5350160.0,50745014.0,0.076,9.54,9.53,6000.0,58000.0,9.484,4.119,5.816,1.619,9.517999999999999,9.48,0.03799999999999848
2020-08-13 15:44:17,9.54,5420160.0,51412734.0,0.077,9.54,9.53,22000.0,24000.0,9.485,4.119,0.574,1.64,9.526,9.4835,0.042500000000000426
2020-08-13 15:45:37,9.53,5526160.0,52423934.0,0.078,9.54,9.53,42000.0,22000.0,9.486,4.119,-2.5860000000000003,1.662,9.53,9.486999999999998,0.04300000000000104
2020-08-13 15:45:49,9.54,5534160.0,52500254.0,0.079,9.54,9.53,36000.0,38000.0,9.486,4.119,-1.911,1.663,9.534,9.490499999999999,0.04350000000000165
2020-08-13 15:45:49,9.54,5574160.0,52881814.0,0.079,9.54,9.53,86000.0,44000.0,9.486,4.119,-0.5760000000000001,1.665,9.536,9.493999999999998,0.04200000000000159
2020-08-13 15:48:44,9.53,5602160.0,53148834.0,0.08,9.54,9.53,120000.0,52000.0,9.487,4.119,-3.867,1.671,9.536,9.497499999999999,0.03850000000000087
2020-08-13 15:49:39,9.53,5690160.0,53987454.0,0.081,9.53,9.52,34000.0,28000.0,9.487,4.119,8.814,1.692,9.534,9.501999999999999,0.032000000000001805
2020-08-14 15:16:45,9.52,6039236.0,57337751.0,0.086,9.52,9.51,52000.0,36000.0,9.494,1.579,4.819,1.514,9.532,9.505999999999998,0.026000000000001577
2020-08-14 15:25:24,9.51,6083236.0,57756221.0,0.086,9.51,9.5,86000.0,34000.0,9.494,1.579,6.569,1.517,9.526,9.5095,0.016500000000000625
2020-08-14 15:25:24,9.51,6085236.0,57775241.0,0.086,9.51,9.5,102000.0,34000.0,9.494,1.579,5.569,1.5130000000000001,9.52,9.512999999999998,0.0070000000000014495
2020-08-14 15:25:24,9.51,6087236.0,57794251.0,0.086,9.51,9.5,110000.0,40000.0,9.494,1.579,5.516,1.509,9.515999999999998,9.516499999999997,-0.0004999999999988347
2020-08-14 15:25:24,9.51,6087236.0,57794251.0,0.086,9.51,9.5,118000.0,42000.0,9.494,1.579,4.513,1.5030000000000001,9.511999999999997,9.517499999999997,-0.005499999999999616
2020-08-14 15:25:24,9.51,6087236.0,57794251.0,0.086,9.51,9.5,150000.0,44000.0,9.494,1.579,1.376,1.4980000000000002,9.509999999999996,9.517999999999997,-0.008000000000000895
2020-08-14 15:30:06,9.5,6139236.0,58288241.0,0.087,9.5,9.49,180000.0,38000.0,9.494,1.579,7.758999999999999,1.505,9.507999999999997,9.518499999999996,-0.010499999999998622
2020-08-14 15:30:06,9.5,6139236.0,58288241.0,0.087,9.5,9.49,194000.0,50000.0,9.494,1.579,8.936,1.5019999999999998,9.505999999999997,9.518499999999996,-0.01249999999999929
2020-08-14 15:30:06,9.5,6151236.0,58402241.0,0.087,9.5,9.49,206000.0,50000.0,9.494,1.579,7.172999999999999,1.4969999999999999,9.503999999999998,9.518499999999996,-0.014499999999998181
2020-08-14 15:30:06,9.5,6161236.0,58497231.0,0.087,9.5,9.49,194000.0,60000.0,9.494,1.579,16.962,1.496,9.501999999999999,9.518499999999996,-0.016499999999997073
2020-08-14 15:30:06,9.5,6161236.0,58497231.0,0.087,9.5,9.49,230000.0,58000.0,9.494,1.579,11.026,1.4909999999999999,9.499999999999998,9.517999999999997,-0.017999999999998906
2020-08-14 15:35:59,9.49,6253236.0,59370141.0,0.08900000000000001,9.49,9.48,214000.0,46000.0,9.494,1.579,23.843000000000004,1.504,9.498,9.516499999999997,-0.01849999999999774
2020-08-14 15:35:59,9.49,6255236.0,59389111.0,0.08900000000000001,9.49,9.48,242000.0,50000.0,9.494,1.579,19.864,1.5030000000000001,9.495999999999999,9.514499999999996,-0.01849999999999774
2020-08-14 15:35:59,9.49,6255295.0,59389666.0,0.08900000000000001,9.49,9.48,262000.0,54000.0,9.494,1.579,18.659,1.4980000000000002,9.494,9.512499999999998,-0.01849999999999774
2020-08-14 15:35:59,9.49,6257295.0,59408636.0,0.08900000000000001,9.49,9.48,272000.0,58000.0,9.494,1.579,13.296,1.493,9.492,9.509999999999998,-0.01799999999999713
2020-08-14 15:35:59,9.49,6261295.0,59446586.0,0.08900000000000001,9.49,9.48,306000.0,58000.0,9.494,1.579,16.269000000000002,1.489,9.49,9.508,-0.017999999999998906
2020-08-14 15:35:59,9.49,6263295.0,59465566.0,0.08900000000000001,9.49,9.48,310000.0,64000.0,9.494,1.579,16.379,1.484,9.49,9.5055,-0.015499999999999403
2020-08-14 15:42:14,9.49,6269295.0,59522466.0,0.08900000000000001,9.49,9.48,328000.0,62000.0,9.494,1.579,14.807,1.481,9.49,9.503,-0.0129999999999999
2020-08-14 15:42:52,9.49,6291295.0,59731156.0,0.08900000000000001,9.49,9.48,326000.0,60000.0,9.494,1.579,15.235999999999999,1.4809999999999999,9.49,9.501000000000001,-0.011000000000001009
2020-08-14 15:43:43,9.48,6307295.0,59882856.0,0.09,9.49,9.48,348000.0,50000.0,9.494,1.579,11.342,1.48,9.488000000000001,9.4985,-0.010499999999998622
2020-08-14 15:45:17,9.49,6321295.0,60015636.0,0.09,9.49,9.48,322000.0,316000.0,9.494,1.579,21.195999999999998,1.479,9.488000000000001,9.497,-0.008999999999998565
2020-08-14 15:46:40,9.49,6365295.0,60433076.0,0.09,9.49,9.48,290000.0,310000.0,9.494,1.579,21.533,1.48,9.488000000000001,9.496,-0.007999999999999119
2020-08-14 15:47:25,9.49,6415295.0,60907416.0,0.091,9.49,9.48,248000.0,314000.0,9.494,1.579,27.978,1.4880000000000002,9.488000000000001,9.495000000000001,-0.006999999999999673
2020-08-14 15:47:57,9.5,6719295.0,63792876.0,0.095,9.5,9.49,14000.0,260000.0,9.493,1.579,31.408,1.551,9.49,9.494500000000002,-0.004500000000001947
2020-08-14 15:50:40,9.5,6803295.0,64591336.0,0.09699999999999999,9.5,9.49,12000.0,256000.0,9.494,1.579,35.385,1.5630000000000002,9.494,9.494000000000003,-3.552713678800501e-15
2020-08-14 17:23:42,9.55,8491602.0,80704297.0,0.121,9.55,9.54,122000.0,4000.0,9.504,1.579,5.195,1.899,9.505999999999998,9.496000000000004,0.009999999999994458
2020-08-14 17:23:42,9.55,8491602.0,80704297.0,0.121,9.55,9.54,122000.0,4000.0,9.504,1.579,5.195,1.899,9.517999999999999,9.498500000000003,0.01949999999999541
2020-08-14 17:23:42,9.55,8491602.0,80704297.0,0.121,9.55,9.54,122000.0,4000.0,9.504,1.579,5.195,1.899,9.53,9.501000000000005,0.028999999999994586
2020-08-14 17:23:42,9.55,8491602.0,80704297.0,0.121,9.55,9.54,122000.0,4000.0,9.504,1.579,5.195,1.899,9.540000000000001,9.503500000000006,0.03649999999999487
2020-08-14 17:23:42,9.55,8491602.0,80704297.0,0.121,9.55,9.54,122000.0,4000.0,9.504,1.579,5.195,1.899,9.55,9.506000000000006,0.043999999999995154
2020-08-14 17:23:42,9.55,8491602.0,80704297.0,0.121,9.55,9.54,122000.0,4000.0,9.504,1.579,5.195,1.899,9.55,9.508500000000007,0.041499999999993875
2020-08-14 17:23:42,9.55,8491602.0,80704297.0,0.121,9.55,9.54,122000.0,4000.0,9.504,1.579,5.195,1.899,9.55,9.511500000000007,0.03849999999999376
2020-08-14 17:23:42,9.55,8491602.0,80704297.0,0.121,9.55,9.54,122000.0,4000.0,9.504,1.579,5.195,1.899,9.55,9.514500000000007,0.03549999999999365
2020-08-14 17:23:42,9.55,8491602.0,80704297.0,0.121,9.55,9.54,122000.0,4000.0,9.504,1.579,5.195,1.899,9.55,9.517500000000007,0.032499999999993534
2020-08-14 17:23:42,9.55,8491602.0,80704297.0,0.121,9.55,9.54,122000.0,4000.0,9.504,1.579,5.195,1.899,9.55,9.520500000000007,0.02949999999999342
2020-08-14 17:23:42,9.55,8491602.0,80704297.0,0.121,9.55,9.54,122000.0,4000.0,9.504,1.579,5.195,1.899,9.55,9.523500000000007,0.026499999999993307
2020-08-14 17:23:42,9.55,8491602.0,80704297.0,0.121,9.55,9.54,122000.0,4000.0,9.504,1.579,5.195,1.899,9.55,9.526500000000008,0.023499999999993193
2020-08-17 09:00:00,9.55,0.0,0.0,0.0,9.85,9.55,4000.0,10000.0,0.0,0.0,42.857,0.0,9.55,9.529500000000008,0.02049999999999308
2020-08-17 09:00:00,9.55,60000.0,573000.0,0.001,9.55,9.55,4000.0,10000.0,9.55,0.0,25.0,0.0,9.55,9.532500000000008,0.017499999999992966
2020-08-17 09:00:00,9.55,60000.0,573000.0,0.001,9.55,9.55,6000.0,10000.0,9.55,0.0,11.111,0.0,9.55,9.536000000000008,0.013999999999992241
2020-08-17 09:00:00,9.55,60000.0,573000.0,0.001,9.55,9.55,8000.0,12000.0,9.55,0.0,9.091000000000001,0.0,9.55,9.539000000000009,0.010999999999992127
2020-08-17 09:00:00,9.55,60000.0,573000.0,0.001,9.55,9.55,8000.0,12000.0,9.55,0.0,9.091,0.0,9.55,9.542000000000009,0.007999999999992013
2020-08-17 09:00:00,9.55,60000.0,573000.0,0.001,9.55,9.55,10000.0,12000.0,9.55,0.0,-7.692,0.0,9.55,9.545000000000009,0.0049999999999919
2020-08-17 09:00:00,9.55,114000.0,1088700.0,0.002,9.55,9.55,10000.0,12000.0,9.55,0.0,-7.692,0.0,9.55,9.54750000000001,0.002499999999990621
2020-08-17 09:00:00,9.55,114000.0,1088700.0,0.002,9.55,9.55,10000.0,12000.0,9.55,0.0,-7.692,0.0,9.55,9.55000000000001,-8.881784197001252e-15
2020-08-17 09:05:46,9.55,114000.0,1088700.0,0.002,9.55,9.55,10000.0,14000.0,9.55,0.0,0.0,0.0,9.55,9.55000000000001,-8.881784197001252e-15
2020-08-17 09:13:08,9.54,114000.0,1088700.0,0.002,9.54,9.54,14000.0,14000.0,9.55,0.0,-17.647000000000006,0.0,9.547999999999998,9.549500000000009,-0.001500000000010715
2020-08-17 09:14:56,9.53,114000.0,1088700.0,0.002,9.53,9.53,14000.0,14000.0,9.55,0.0,-30.0,0.0,9.544,9.548500000000008,-0.004500000000007276
2020-08-17 09:14:56,9.53,114000.0,1088700.0,0.002,9.53,9.53,16000.0,14000.0,9.55,0.0,-30.0,0.0,9.540000000000001,9.547500000000008,-0.00750000000000739
2020-08-17 09:14:56,9.53,114000.0,1088700.0,0.002,9.53,9.53,18000.0,16000.0,9.55,0.0,-27.273000000000003,0.0,9.536000000000001,9.546500000000007,-0.010500000000005727
2020-08-17 09:14:56,9.53,114000.0,1088700.0,0.002,9.53,9.53,18000.0,16000.0,9.55,0.0,-27.273000000000003,0.0,9.532000000000002,9.545500000000008,-0.01350000000000584
2020-08-17 09:19:05,9.41,114000.0,1088700.0,0.002,9.41,9.41,30000.0,32000.0,9.55,0.0,34.783,0.0,9.506000000000002,9.538500000000006,-0.03250000000000419
2020-08-17 09:19:58,9.38,180000.0,1707780.0,0.003,9.53,9.37,4000.0,2000.0,9.487,0.0,39.13,0.0,9.476000000000003,9.530000000000005,-0.054000000000002046
2020-08-17 09:19:58,9.38,180000.0,1707780.0,0.003,9.53,9.37,4000.0,2000.0,9.487,0.0,39.13,0.0,9.446000000000002,9.521500000000005,-0.07550000000000345
2020-08-17 09:32:14,9.4,1310200.0,12313374.0,0.019,9.41,9.39,92000.0,14000.0,9.398,0.9420000000000001,-40.126999999999995,33.077,9.420000000000002,9.514000000000005,-0.09400000000000297
2020-08-17 09:33:19,9.34,1394200.0,13099614.0,0.02,9.37,9.34,236000.0,10000.0,9.395,1.152,-40.092,23.77,9.382000000000001,9.503500000000004,-0.12150000000000283
2020-08-17 09:33:57,9.3,1690200.0,15854094.0,0.024,9.31,9.29,162000.0,50000.0,9.38,1.675,-21.925,21.72,9.360000000000003,9.491000000000003,-0.13100000000000023
2020-08-17 09:35:29,9.23,1774200.0,16632914.0,0.025,9.27,9.23,286000.0,12000.0,9.374,2.3040000000000003,-59.582,18.294,9.330000000000002,9.475000000000003,-0.14500000000000135
2020-08-17 09:36:07,9.23,1804200.0,16910294.0,0.026000000000000002,9.25,9.21,326000.0,40000.0,9.372,2.3040000000000003,-62.327,16.837,9.3,9.459000000000001,-0.1590000000000007
2020-08-17 09:37:20,9.22,1820200.0,17057814.0,0.026,9.25,9.22,424000.0,12000.0,9.371,2.513,-59.346,14.429,9.264000000000001,9.4425,-0.17849999999999966
2020-08-17 09:38:45,9.22,1950200.0,18255154.0,0.027999999999999997,9.22,9.19,352000.0,68000.0,9.36,2.7230000000000003,-48.888999999999996,12.687000000000001,9.24,9.426,-0.18599999999999994
2020-08-17 09:39:40,9.2,1990200.0,18623234.0,0.028,9.22,9.2,482000.0,2000.0,9.357,2.7230000000000003,-56.911,11.912,9.220000000000002,9.4085,-0.18849999999999767
2020-08-17 09:40:31,9.2,2048200.0,19157394.0,0.028999999999999998,9.22,9.2,606000.0,10000.0,9.353,2.7230000000000003,-56.592,11.07,9.214000000000002,9.390999999999998,-0.17699999999999605
2020-08-17 09:40:31,9.2,2072200.0,19378194.0,0.029,9.22,9.19,640000.0,46000.0,9.351,2.7230000000000003,-54.319,10.13,9.208000000000002,9.373499999999996,-0.16549999999999443
2020-08-17 09:42:40,9.2,2078200.0,19433434.0,0.028999999999999998,9.22,9.2,670000.0,122000.0,9.351,2.7230000000000003,-43.051,9.38,9.204000000000002,9.355999999999996,-0.15199999999999392
2020-08-17 09:43:51,9.19,2206200.0,20610994.0,0.031,9.21,9.19,488000.0,54000.0,9.342,2.7230000000000003,-54.087,9.132,9.198000000000002,9.337999999999996,-0.13999999999999346
2020-08-17 09:45:08,9.2,2450200.0,22858094.0,0.035,9.21,9.2,326000.0,126000.0,9.329,2.7230000000000003,-37.313,8.543,9.198000000000002,9.320999999999994,-0.12299999999999223
2020-08-17 09:45:37,9.2,2568200.0,23944154.0,0.036000000000000004,9.2,9.19,234000.0,10000.0,9.323,2.7230000000000003,-50.533,9.362,9.198000000000002,9.304499999999994,-0.1064999999999916
2020-08-17 09:45:37,9.2,2582200.0,24072954.0,0.037000000000000005,9.2,9.19,284000.0,12000.0,9.322000000000001,2.7230000000000003,-43.673,8.771,9.198000000000002,9.287999999999993,-0.08999999999999098
2020-08-17 09:45:37,9.2,2618467.0,24406610.0,0.037000000000000005,9.2,9.19,328000.0,22000.0,9.32,2.7230000000000003,-42.346,8.381,9.198000000000002,9.271499999999993,-0.07349999999999035
2020-08-17 09:45:37,9.2,2632467.0,24535410.0,0.037000000000000005,9.2,9.19,362000.0,34000.0,9.32,2.7230000000000003,-37.155,7.902,9.200000000000003,9.254999999999992,-0.05499999999998906
2020-08-17 09:45:37,9.2,2640467.0,24609010.0,0.037000000000000005,9.2,9.19,386000.0,38000.0,9.319,2.7230000000000003,-40.856,7.528,9.200000000000003,9.244499999999992,-0.04449999999998866
2020-08-17 09:45:37,9.2,2662467.0,24811410.0,0.038,9.2,9.19,424000.0,60000.0,9.318,2.7230000000000003,-39.63,7.197,9.200000000000003,9.235499999999991,-0.03549999999998832
2020-08-17 09:51:57,9.19,2702467.0,25179170.0,0.038,9.2,9.19,590000.0,34000.0,9.317,2.7230000000000003,-38.633,6.945,9.198000000000002,9.225999999999992,-0.02799999999998981
2020-08-17 09:51:57,9.19,2744467.0,25565150.0,0.039,9.2,9.19,626000.0,8000.0,9.315,2.7230000000000003,-50.82,6.722,9.196000000000002,9.215499999999992,-0.01949999999999008
2020-08-17 09:54:28,9.18,2772566.0,25823292.0,0.039,9.19,9.18,266000.0,42000.0,9.313,2.827,-53.15600000000001,6.4860000000000015,9.192000000000002,9.207499999999992,-0.015499999999990521
2020-08-17 09:55:45,9.18,2804566.0,26117232.0,0.04,9.19,9.18,328000.0,42000.0,9.312000000000001,2.827,-50.316,6.271,9.188000000000002,9.201499999999992,-0.013499999999989853
2020-08-17 09:56:41,9.19,2828566.0,26337692.0,0.04,9.19,9.18,336000.0,36000.0,9.311,2.827,-50.405,6.073,9.186000000000002,9.199499999999992,-0.013499999999989853
2020-08-17 09:57:46,9.18,2836566.0,26411172.0,0.04,9.19,9.18,350000.0,34000.0,9.31,2.827,-48.808,5.849,9.184000000000001,9.196999999999992,-0.012999999999991019
2020-08-17 09:58:46,9.18,2856566.0,26594832.0,0.041,9.19,9.18,352000.0,24000.0,9.31,2.827,-48.562,5.6670000000000025,9.182000000000002,9.194999999999993,-0.012999999999991019
2020-08-17 10:00:05,9.19,3174566.0,29517232.0,0.045,9.2,9.18,326000.0,78000.0,9.298,2.827,-11.345,5.483,9.184000000000001,9.193499999999993,-0.00949999999999207
2020-08-17 10:00:35,9.2,3514566.0,32645172.0,0.05,9.21,9.2,110000.0,50000.0,9.288,2.827,10.363,6.479,9.188,9.193499999999993,-0.005499999999992511
2020-08-17 10:01:50,9.27,3842566.0,35670632.0,0.055,9.28,9.25,84000.0,2000.0,9.283,2.827,42.19300000000001,6.8420000000000005,9.204000000000002,9.196999999999994,0.007000000000008555
2020-08-17 10:02:49,9.25,3854566.0,35781592.0,0.055,9.25,9.23,76000.0,4000.0,9.282,2.827,25.061,6.6370000000000005,9.218000000000002,9.199499999999995,0.018500000000006622
2020-08-17 10:04:20,9.25,4000566.0,37129812.0,0.057,9.27,9.24,40000.0,42000.0,9.281,2.827,56.745,6.6679999999999975,9.232000000000003,9.201999999999995,0.030000000000008242
2020-08-17 10:05:13,9.27,4010566.0,37222512.0,0.057,9.27,9.26,52000.0,22000.0,9.281,2.827,48.201,6.478,9.248000000000001,9.205999999999996,0.042000000000005144
2020-08-17 10:06:24,9.3,4070566.0,37779072.0,0.057999999999999996,9.31,9.29,34000.0,52000.0,9.281,2.827,68.539,6.434,9.268,9.210999999999997,0.057000000000003936
2020-08-17 10:07:49,9.33,4102566.0,38077032.0,0.058,9.33,9.32,18000.0,30000.0,9.281,2.827,62.609,6.198,9.280000000000001,9.217499999999998,0.06250000000000355
2020-08-17 10:08:18,9.34,4120566.0,38245072.0,0.057999999999999996,9.34,9.33,20000.0,28000.0,9.281,2.827,43.59,6.084,9.298000000000002,9.224499999999999,0.07350000000000279
2020-08-17 10:09:50,9.38,4186566.0,38863052.0,0.059,9.38,9.35,100000.0,12000.0,9.282,2.827,-39.695,6.017,9.324000000000002,9.2335,0.09050000000000225
2020-08-17 10:09:50,9.38,4186566.0,38863052.0,0.059000000000000004,9.38,9.36,136000.0,2000.0,9.282,2.827,-36.09,5.936,9.346000000000004,9.2425,0.10350000000000392
2020-08-17 10:12:04,9.34,4240566.0,39368612.0,0.06,9.36,9.33,154000.0,2000.0,9.283,2.827,-36.025,5.839,9.354000000000005,9.249500000000001,0.10450000000000337
2020-08-17 10:12:14,9.33,4280566.0,39741812.0,0.061,9.34,9.33,50000.0,30000.0,9.283999999999999,2.827,-2.083,5.729,9.354000000000005,9.256000000000002,0.09800000000000253
2020-08-17 10:13:34,9.34,4344566.0,40339832.0,0.062,9.35,9.34,38000.0,48000.0,9.285,2.827,-3.483,5.695,9.354000000000005,9.263500000000002,0.09050000000000225
2020-08-17 10:13:34,9.34,4344566.0,40339832.0,0.062,9.35,9.34,44000.0,48000.0,9.285,2.827,-6.977,5.556,9.346000000000005,9.271000000000003,0.07500000000000284
2020-08-17 10:15:36,9.35,4356566.0,40452032.0,0.062,9.35,9.34,52000.0,72000.0,9.285,2.827,-4.237,5.438,9.340000000000005,9.279500000000002,0.060500000000002885
2020-08-17 10:17:08,9.35,4412566.0,40975612.0,0.063,9.36,9.35,16000.0,38000.0,9.286,2.827,-10.145,5.313,9.342000000000004,9.288,0.05400000000000382
2020-08-17 10:17:38,9.36,4418566.0,41031772.0,0.063,9.36,9.35,44000.0,52000.0,9.286,2.827,-8.936,5.261,9.348000000000004,9.2965,0.05150000000000432
2020-08-17 10:19:06,9.36,4482566.0,41630312.0,0.064,9.36,9.35,44000.0,28000.0,9.287,2.827,-14.798,5.22,9.352000000000004,9.3055,0.04650000000000354
2020-08-17 10:19:06,9.36,4484566.0,41649032.0,0.064,9.36,9.35,66000.0,28000.0,9.287,2.827,-14.286,5.109,9.356000000000003,9.3145,0.04150000000000276
2020-08-17 10:21:13,9.37,4560566.0,42360472.0,0.065,9.37,9.36,42000.0,52000.0,9.288,2.827,-3.673,5.082,9.360000000000003,9.323500000000001,0.036500000000001975
2020-08-17 10:22:49,9.36,4622566.0,42940732.0,0.066,9.36,9.35,544000.0,78000.0,9.289,2.827,-51.967,5.043,9.362000000000002,9.331500000000002,0.03049999999999997
2020-08-17 10:23:13,9.35,4670566.0,43389532.0,0.066,9.35,9.34,158000.0,82000.0,9.289,2.827,-53.875,4.993,9.360000000000003,9.335500000000001,0.02450000000000152
2020-08-17 10:24:48,9.33,4716566.0,43819152.0,0.067,9.34,9.31,158000.0,36000.0,9.29,2.827,-45.937,4.937,9.354000000000003,9.339500000000003,0.014499999999999957
2020-08-17 10:26:53,9.3,4750566.0,44135672.0,0.067,9.31,9.3,128000.0,62000.0,9.29,2.827,-22.09,4.785,9.342000000000002,9.342000000000002,0.0
2020-08-17 10:26:53,9.3,4808566.0,44675072.0,0.068,9.3,9.29,156000.0,68000.0,9.29,2.827,-13.851,4.663,9.328000000000001,9.343500000000002,-0.01550000000000118
2020-08-17 10:26:53,9.3,4808566.0,44675072.0,0.068,9.3,9.29,166000.0,46000.0,9.29,2.827,-14.847999999999999,4.578,9.316000000000003,9.343500000000002,-0.027499999999999858
2020-08-17 10:30:57,9.29,4814566.0,44730812.0,0.068,9.3,9.28,184000.0,152000.0,9.29,2.827,-9.732,4.502,9.304000000000002,9.341500000000002,-0.037499999999999645
2020-08-17 10:30:57,9.29,4822566.0,44805132.0,0.068,9.3,9.29,202000.0,38000.0,9.29,2.827,-11.955,4.422,9.296000000000003,9.339000000000002,-0.04299999999999926
2020-08-17 10:33:09,9.3,4824566.0,44823732.0,0.068,9.3,9.29,214000.0,26000.0,9.29,2.827,-10.232,4.355,9.296000000000003,9.335000000000003,-0.0389999999999997
2020-08-17 10:34:05,9.29,4830566.0,44879472.0,0.069,9.3,9.29,254000.0,34000.0,9.29,2.827,-16.324,4.2860000000000005,9.294000000000002,9.330500000000002,-0.0365000000000002
2020-08-17 10:35:11,9.3,4834566.0,44916672.0,0.069,9.3,9.29,270000.0,60000.0,9.29,2.827,-10.178,4.218,9.294000000000002,9.328500000000002,-0.03449999999999953
2020-08-17 10:35:11,9.3,4834566.0,44916672.0,0.069,9.3,9.29,272000.0,60000.0,9.29,2.827,-9.596,4.149,9.296000000000003,9.327000000000002,-0.030999999999998806
2020-08-17 10:35:11,9.3,4842566.0,44991072.0,0.069,9.3,9.29,278000.0,64000.0,9.29,2.827,-10.099,4.087,9.298000000000004,9.325000000000003,-0.026999999999999247
2020-08-17 10:38:59,9.29,4848566.0,45046852.0,0.069,9.3,9.29,290000.0,40000.0,9.29,2.827,-7.601,4.059,9.296000000000003,9.322500000000002,-0.026499999999998636
2020-08-17 10:38:59,9.29,4848566.0,45046852.0,0.069,9.3,9.29,300000.0,56000.0,9.29,2.827,-9.308,3.996,9.296000000000003,9.319500000000001,-0.023499999999998522
2020-08-17 10:41:08,9.3,4854566.0,45102612.0,0.069,9.3,9.29,360000.0,50000.0,9.29,2.827,-13.488,3.9360000000000004,9.296000000000003,9.317000000000004,-0.021000000000000796
2020-08-17 10:41:08,9.3,4876566.0,45307212.0,0.069,9.3,9.29,348000.0,54000.0,9.29,2.827,-12.485,3.896,9.296000000000003,9.314000000000004,-0.018000000000000682
2020-08-17 10:42:49,9.29,4946566.0,45957672.0,0.07,9.29,9.28,110000.0,68000.0,9.29,2.827,-11.687999999999999,3.852,9.294000000000002,9.310500000000005,-0.0165000000000024
2020-08-17 10:42:49,9.29,4948566.0,45976252.0,0.07,9.29,9.28,212000.0,74000.0,9.29,2.827,-14.123,3.835,9.294000000000002,9.307000000000006,-0.013000000000003453
2020-08-17 10:42:49,9.29,4954566.0,46031992.0,0.07,9.29,9.28,218000.0,84000.0,9.29,2.827,-12.640999999999998,3.783,9.294000000000002,9.303000000000004,-0.009000000000002117
2020-08-17 10:42:49,9.29,4956566.0,46050572.0,0.07,9.29,9.28,232000.0,64000.0,9.29,2.827,-14.318,3.743,9.292000000000002,9.299500000000004,-0.007500000000002061
2020-08-17 10:42:49,9.29,4970566.0,46180632.0,0.071,9.29,9.28,246000.0,92000.0,9.29,2.827,-12.107999999999999,3.699,9.290000000000001,9.296500000000004,-0.006500000000002615
2020-08-17 10:42:49,9.29,4972566.0,46199212.0,0.071,9.29,9.28,262000.0,94000.0,9.29,2.827,-11.752,3.651,9.290000000000001,9.294500000000003,-0.004500000000001947
2020-08-17 10:42:49,9.29,4982566.0,46292112.0,0.071,9.29,9.28,294000.0,94000.0,9.29,2.827,-13.1,3.608,9.290000000000001,9.294,-0.0039999999999995595
2020-08-17 10:50:43,9.26,5114566.0,47516072.0,0.073,9.27,9.25,180000.0,130000.0,9.29,2.827,-11.813,3.5610000000000004,9.284,9.292,-0.007999999999999119
2020-08-17 10:51:47,9.27,5116566.0,47534612.0,0.073,9.27,9.25,196000.0,156000.0,9.29,2.827,-8.764,3.603,9.28,9.2905,-0.010500000000000398
2020-08-17 10:52:46,9.26,5212566.0,48423592.0,0.07400000000000001,9.27,9.26,184000.0,2000.0,9.289,2.827,-5.824,3.599,9.274,9.289,-0.015000000000000568
2020-08-17 10:52:46,9.26,5212566.0,48423592.0,0.07400000000000001,9.27,9.26,184000.0,16000.0,9.289,2.827,-3.8930000000000002,3.552,9.267999999999999,9.2875,-0.01950000000000074
2020-08-17 10:55:21,9.26,5226566.0,48553252.0,0.07400000000000001,9.27,9.26,212000.0,2000.0,9.289,2.827,-5.053,3.508,9.261999999999999,9.285499999999999,-0.0235000000000003
2020-08-17 10:56:33,9.27,5234566.0,48627392.0,0.07400000000000001,9.27,9.26,228000.0,60000.0,9.289,2.827,-4.082,3.472,9.264,9.2845,-0.020500000000000185
2020-08-17 10:56:33,9.27,5244566.0,48720092.0,0.07400000000000001,9.27,9.26,230000.0,62000.0,9.289,2.827,-4.072,3.439,9.264000000000001,9.283,-0.01899999999999835
2020-08-17 10:56:33,9.27,5246566.0,48738632.0,0.07400000000000001,9.27,9.26,242000.0,62000.0,9.289,2.827,-4.612,3.397,9.266000000000002,9.2815,-0.015499999999997627
2020-08-17 10:59:39,9.26,5262566.0,48886932.0,0.075,9.27,9.26,252000.0,44000.0,9.289,2.827,-6.9510000000000005,3.366,9.266000000000002,9.279499999999999,-0.013499999999996959
2020-08-17 11:00:00,9.26,5314566.0,49368512.0,0.075,9.27,9.25,272000.0,112000.0,9.289,2.827,-9.372,3.3310000000000004,9.266000000000002,9.277999999999999,-0.011999999999996902
2020-08-17 11:01:47,9.27,5318566.0,49405592.0,0.075,9.27,9.26,284000.0,2000.0,9.289,2.827,-10.939,3.321,9.266000000000002,9.277,-0.010999999999997456
2020-08-17 11:01:47,9.27,5318566.0,49405592.0,0.075,9.27,9.26,298000.0,14000.0,9.289,2.827,-8.107999999999999,3.301,9.266000000000002,9.2755,-0.0094999999999974
2020-08-17 11:01:47,9.27,5322566.0,49442672.0,0.076,9.27,9.26,310000.0,14000.0,9.289,2.827,-8.7,3.244,9.266000000000002,9.274,-0.007999999999997343
2020-08-17 11:01:47,9.27,5322566.0,49442672.0,0.076,9.27,9.26,330000.0,14000.0,9.289,2.827,-9.261000000000001,3.208,9.268000000000002,9.273,-0.004999999999997229
2020-08-17 11:01:47,9.27,5322566.0,49442672.0,0.076,9.27,9.26,342000.0,16000.0,9.289,2.827,-9.053,3.19,9.270000000000003,9.272000000000002,-0.0019999999999988916
2020-08-17 11:01:47,9.27,5338566.0,49590992.0,0.076,9.27,9.26,344000.0,14000.0,9.289,2.827,-10.259,3.157,9.270000000000005,9.271000000000003,-0.0009999999999976694
2020-08-17 11:01:47,9.27,5340566.0,49609532.0,0.076,9.27,9.26,408000.0,18000.0,9.289,2.827,-11.928,3.129,9.270000000000005,9.270000000000003,1.7763568394002505e-15
2020-08-17 11:01:47,9.27,5342566.0,49628072.0,0.076,9.27,9.26,406000.0,30000.0,9.289,2.827,-11.261,3.094,9.270000000000005,9.269000000000004,0.0010000000000012221
2020-08-17 11:01:47,9.27,5342566.0,49628072.0,0.076,9.27,9.26,414000.0,32000.0,9.289,2.827,-10.173,3.0610000000000004,9.270000000000005,9.268000000000004,0.002000000000000668
2020-08-17 11:11:10,9.27,5348566.0,49683652.0,0.076,9.27,9.26,416000.0,24000.0,9.289,2.827,-11.703,3.031,9.270000000000005,9.267000000000007,0.0029999999999983373
2020-08-17 11:19:42,9.26,5398566.0,50146872.0,0.077,9.27,9.26,592000.0,26000.0,9.288,2.827,-16.683,2.813,9.268000000000004,9.267000000000007,0.0009999999999976694
2020-08-17 11:22:50,9.27,5440566.0,50535852.0,0.077,9.27,9.26,628000.0,6000.0,9.288,2.827,-19.205,2.766,9.268000000000004,9.267000000000007,0.0009999999999976694
2020-08-17 11:22:50,9.27,5442566.0,50554392.0,0.077,9.27,9.26,644000.0,8000.0,9.288,2.827,-20.187,2.754,9.268000000000004,9.267500000000007,0.0004999999999970584
2020-08-17 11:24:45,9.26,5456566.0,50684152.0,0.077,9.27,9.26,652000.0,16000.0,9.288,2.827,-21.229,2.7289999999999996,9.266000000000002,9.267500000000007,-0.001500000000005386
2020-08-17 11:24:45,9.26,5458566.0,50702672.0,0.077,9.27,9.26,682000.0,14000.0,9.288,2.827,-20.073,2.709,9.264000000000001,9.267500000000007,-0.003500000000006054
2020-08-17 11:24:45,9.26,5460566.0,50721192.0,0.078,9.27,9.26,684000.0,22000.0,9.288,2.827,-19.308,2.6719999999999997,9.264000000000001,9.267000000000007,-0.0030000000000054428
2020-08-17 11:27:56,9.26,5464566.0,50758252.0,0.078,9.27,9.26,702000.0,24000.0,9.288,2.827,-19.238,2.649,9.262,9.266500000000004,-0.004500000000003723
2020-08-17 11:27:56,9.26,5466566.0,50776772.0,0.078,9.27,9.26,706000.0,22000.0,9.288,2.827,-24.584,2.6260000000000003,9.26,9.266000000000004,-0.00600000000000378
2020-08-17 11:29:45,9.27,5474566.0,50850932.0,0.078,9.27,9.26,722000.0,142000.0,9.288,2.827,-21.12,2.6060000000000003,9.261999999999999,9.266500000000004,-0.0045000000000055
2020-08-17 11:31:02,9.26,5476566.0,50869452.0,0.078,9.27,9.26,732000.0,142000.0,9.288,2.827,-21.355999999999998,2.583,9.261999999999999,9.266500000000004,-0.0045000000000055
2020-08-17 11:31:02,9.26,5476566.0,50869452.0,0.078,9.27,9.26,760000.0,194000.0,9.288,2.827,-14.286,2.572,9.261999999999999,9.266000000000004,-0.0040000000000048885
2020-08-17 11:32:54,9.27,5748566.0,53390692.0,0.08199999999999999,9.27,9.26,556000.0,206000.0,9.287,2.827,-4.513,2.675,9.264,9.266000000000004,-0.0020000000000042206
2020-08-17 11:32:54,9.27,5748566.0,53390692.0,0.08199999999999999,9.27,9.26,558000.0,208000.0,9.287,2.827,-4.599,2.652,9.266000000000002,9.266000000000004,-1.7763568394002505e-15
2020-08-17 11:32:54,9.27,5748566.0,53390692.0,0.08199999999999999,9.27,9.26,564000.0,208000.0,9.287,2.827,-4.8469999999999995,2.628,9.266000000000002,9.266000000000004,-1.7763568394002505e-15
2020-08-17 11:32:54,9.27,5750566.0,53409232.0,0.08199999999999999,9.27,9.26,604000.0,204000.0,9.287,2.827,-7.638,2.6060000000000003,9.268000000000002,9.266000000000004,0.0019999999999988916
2020-08-17 11:32:54,9.27,5750566.0,53409232.0,0.08199999999999999,9.27,9.26,616000.0,206000.0,9.287,2.827,-8.014,2.5839999999999996,9.270000000000003,9.266000000000004,0.0039999999999995595
2020-08-17 11:32:54,9.27,5750566.0,53409232.0,0.08199999999999999,9.27,9.26,618000.0,210000.0,9.287,2.827,-7.798999999999999,2.562,9.270000000000005,9.266000000000004,0.004000000000001336
2020-08-17 11:32:54,9.27,5752566.0,53427772.0,0.08199999999999999,9.27,9.26,632000.0,206000.0,9.287,2.827,1.565,2.541,9.270000000000005,9.266000000000004,0.004000000000001336
2020-08-17 11:32:54,9.27,5754566.0,53446312.0,0.08199999999999999,9.27,9.26,650000.0,204000.0,9.287,2.827,1.331,2.52,9.270000000000005,9.266000000000004,0.004000000000001336
2020-08-17 11:32:54,9.27,5754566.0,53446312.0,0.08199999999999999,9.27,9.26,650000.0,204000.0,9.287,2.827,-0.6920000000000001,2.5,9.270000000000005,9.266000000000004,0.004000000000001336
2020-08-17 11:32:54,9.27,5754566.0,53446312.0,0.08199999999999999,9.27,9.26,660000.0,208000.0,9.287,2.827,-4.495,2.479,9.270000000000005,9.266500000000004,0.0035000000000007248
2020-08-17 11:44:00,9.26,5758566.0,53483372.0,0.08199999999999999,9.27,9.26,686000.0,206000.0,9.287,2.827,-5.186,2.46,9.268000000000004,9.266000000000004,0.002000000000000668
2020-08-17 11:44:00,9.26,5758566.0,53483372.0,0.08199999999999999,9.27,9.26,716000.0,204000.0,9.287,2.827,-6.405,2.44,9.266000000000002,9.265500000000003,0.0004999999999988347
2020-08-17 11:44:00,9.26,5758566.0,53483372.0,0.08199999999999999,9.27,9.26,716000.0,218000.0,9.287,2.827,-5.933,2.421,9.264000000000001,9.265500000000003,-0.0015000000000018332
2020-08-17 11:47:52,9.26,5774566.0,53631572.0,0.08199999999999999,9.27,9.26,724000.0,238000.0,9.287,2.827,-5.722,2.401,9.262,9.265500000000003,-0.003500000000002501
2020-08-17 11:47:52,9.26,5774566.0,53631572.0,0.08199999999999999,9.27,9.26,740000.0,226000.0,9.287,2.827,-6.388999999999999,2.3890000000000002,9.26,9.265500000000003,-0.005500000000003169
2020-08-17 11:49:35,9.27,5782566.0,53705732.0,0.08199999999999999,9.27,9.26,748000.0,236000.0,9.287,2.827,-5.671,2.371,9.261999999999999,9.266000000000004,-0.0040000000000048885
2020-08-17 11:50:39,9.26,5784566.0,53724252.0,0.08199999999999999,9.27,9.26,778000.0,262000.0,9.287,2.827,-5.7,2.356,9.261999999999999,9.266000000000004,-0.0040000000000048885
2020-08-17 11:50:39,9.26,5786566.0,53742792.0,0.08199999999999999,9.27,9.26,778000.0,314000.0,9.287,2.827,-3.658,2.338,9.261999999999999,9.265500000000003,-0.0035000000000042775
2020-08-17 11:53:17,9.26,5810566.0,53965072.0,0.08199999999999999,9.27,9.26,788000.0,286000.0,9.287,2.827,-5.066,2.3209999999999997,9.261999999999999,9.265500000000003,-0.0035000000000042775
2020-08-17 11:53:17,9.26,5810566.0,53965072.0,0.08199999999999999,9.27,9.26,788000.0,286000.0,9.287,2.827,-5.46,2.312,9.261999999999999,9.265500000000003,-0.0035000000000042775
2020-08-17 11:55:02,9.26,5880566.0,54613912.0,0.083,9.27,9.26,772000.0,280000.0,9.287,2.827,-3.911,2.322,9.26,9.265000000000002,-0.005000000000002558
2020-08-17 11:55:02,9.26,5892566.0,54725032.0,0.084,9.27,9.26,842000.0,268000.0,9.287,2.827,-6.01,2.31,9.26,9.264500000000002,-0.004500000000001947
2020-08-17 11:57:35,9.27,5896566.0,54762092.0,0.084,9.27,9.26,846000.0,266000.0,9.287,2.827,-4.8469999999999995,2.293,9.261999999999999,9.264500000000002,-0.0025000000000030553
2020-08-17 11:57:35,9.27,5896566.0,54762092.0,0.084,9.27,9.26,856000.0,264000.0,9.287,2.827,-5.349,2.277,9.264,9.264500000000002,-0.0005000000000023874
2020-08-17 11:59:48,9.27,5964566.0,55392432.0,0.085,9.27,9.26,774000.0,280000.0,9.286,2.827,-1.5219999999999998,2.286,9.266000000000002,9.264500000000002,0.0015000000000000568
2020-08-17 13:00:04,9.26,6542566.0,60749832.0,0.093,9.27,9.26,372000.0,234000.0,9.285,2.827,9.214,2.486,9.266000000000002,9.264,0.0020000000000024443
2020-08-17 13:01:28,9.26,6596566.0,61249932.0,0.094,9.27,9.26,334000.0,212000.0,9.285,2.827,9.732999999999999,2.491,9.266000000000002,9.263499999999999,0.0025000000000030553
2020-08-17 13:01:28,9.26,6606566.0,61342532.0,0.094,9.27,9.26,360000.0,182000.0,9.285,2.827,7.334,2.478,9.264000000000001,9.262999999999998,0.0010000000000029985
2020-08-17 13:03:47,9.26,6640566.0,61657392.0,0.094,9.27,9.26,370000.0,166000.0,9.283999999999999,2.827,6.357,2.47,9.262,9.262499999999998,-0.0004999999999970584
2020-08-17 13:04:38,9.26,6664566.0,61879732.0,0.095,9.27,9.26,394000.0,282000.0,9.284,2.827,9.458,2.469,9.26,9.261999999999997,-0.001999999999997115
2020-08-17 13:04:38,9.26,6694566.0,62157552.0,0.095,9.27,9.26,468000.0,174000.0,9.283999999999999,2.827,2.138,2.456,9.26,9.261999999999997,-0.001999999999997115
2020-08-17 13:04:38,9.26,6694566.0,62157552.0,0.095,9.27,9.26,474000.0,180000.0,9.284,2.827,2.2880000000000003,2.449,9.26,9.261999999999997,-0.001999999999997115
2020-08-17 13:07:42,9.27,6698566.0,62194612.0,0.095,9.27,9.26,488000.0,186000.0,9.283999999999999,2.827,2.258,2.434,9.261999999999999,9.262499999999998,-0.0004999999999988347
2020-08-17 13:09:10,9.26,6710566.0,62305812.0,0.095,9.27,9.26,504000.0,164000.0,9.284,2.827,1.056,2.418,9.261999999999999,9.262499999999998,-0.0004999999999988347
2020-08-17 13:09:10,9.26,6712566.0,62324332.0,0.095,9.27,9.26,520000.0,176000.0,9.283999999999999,2.827,0.804,2.3890000000000002,9.261999999999999,9.262499999999998,-0.0004999999999988347
2020-08-17 13:09:10,9.26,6712566.0,62324332.0,0.095,9.27,9.26,546000.0,208000.0,9.284,2.827,1.3330000000000002,2.373,9.261999999999999,9.261999999999997,1.7763568394002505e-15
2020-08-17 13:13:18,9.27,6714566.0,62342872.0,0.095,9.27,9.26,554000.0,208000.0,9.283999999999999,2.827,3.053,2.358,9.264,9.262499999999998,0.0015000000000018332
2020-08-17 13:13:18,9.27,6716566.0,62361412.0,0.095,9.27,9.26,606000.0,246000.0,9.284,2.827,2.891,2.342,9.264000000000001,9.262999999999998,0.0010000000000029985
2020-08-17 13:15:10,9.26,6728566.0,62472612.0,0.096,9.27,9.26,616000.0,246000.0,9.283999999999999,2.827,2.719,2.333,9.264000000000001,9.262999999999998,0.0010000000000029985
2020-08-17 13:16:09,9.27,6730566.0,62491152.0,0.096,9.27,9.26,622000.0,260000.0,9.284,2.827,2.553,2.318,9.266000000000002,9.263499999999999,0.0025000000000030553
2020-08-17 13:17:26,9.26,6732566.0,62509672.0,0.096,9.27,9.26,638000.0,260000.0,9.283999999999999,2.827,2.383,2.3040000000000003,9.266000000000002,9.263499999999999,0.0025000000000030553
2020-08-17 13:17:26,9.26,6732566.0,62509672.0,0.096,9.27,9.26,646000.0,262000.0,9.284,2.827,2.079,2.296,9.264000000000001,9.263499999999999,0.0005000000000023874
2020-08-17 13:17:26,9.26,6732566.0,62509672.0,0.096,9.27,9.26,652000.0,288000.0,9.283999999999999,2.827,3.385,2.281,9.262,9.262999999999998,-0.0009999999999976694
2020-08-17 13:20:47,9.27,6746566.0,62639392.0,0.096,9.27,9.26,674000.0,260000.0,9.284,2.827,2.885,2.269,9.264,9.262999999999998,0.0010000000000012221
2020-08-17 13:20:47,9.27,6746566.0,62639392.0,0.096,9.27,9.26,694000.0,266000.0,9.283999999999999,2.827,2.371,2.2569999999999997,9.264000000000001,9.262999999999998,0.0010000000000029985
2020-08-17 13:23:00,9.26,6770566.0,62861732.0,0.096,9.27,9.26,700000.0,254000.0,9.284,2.827,1.747,2.245,9.264000000000001,9.262999999999998,0.0010000000000029985
2020-08-17 13:23:00,9.26,6772566.0,62880252.0,0.096,9.27,9.26,736000.0,252000.0,9.283999999999999,2.827,1.113,2.237,9.264000000000001,9.262999999999998,0.0010000000000029985
2020-08-17 13:25:04,9.26,6794566.0,63084112.0,0.096,9.27,9.26,728000.0,244000.0,9.284,2.827,2.134,2.227,9.264000000000001,9.262999999999998,0.0010000000000029985
2020-08-17 13:25:29,9.26,6808566.0,63213852.0,0.09699999999999999,9.27,9.26,742000.0,250000.0,9.283999999999999,2.827,1.982,2.22,9.262,9.262999999999998,-0.0009999999999976694
2020-08-17 13:27:00,9.27,6816566.0,63288012.0,0.097,9.27,9.26,746000.0,250000.0,9.284,2.827,0.812,2.209,9.262,9.263499999999999,-0.0014999999999982805
2020-08-17 13:28:02,9.27,6852566.0,63621552.0,0.09699999999999999,9.27,9.26,742000.0,234000.0,9.283999999999999,2.827,0.204,2.207,9.264,9.264,0.0
2020-08-17 13:29:00,9.27,6876566.0,63843952.0,0.098,9.27,9.26,744000.0,216000.0,9.284,2.827,-0.482,2.2,9.266000000000002,9.264500000000002,0.0015000000000000568
2020-08-17 13:29:52,9.26,6882566.0,63899552.0,0.098,9.27,9.26,786000.0,214000.0,9.283999999999999,2.827,-0.45799999999999996,2.19,9.266000000000002,9.264,0.0020000000000024443
2020-08-17 13:31:01,9.26,6890566.0,63973692.0,0.098,9.27,9.26,810000.0,222000.0,9.284,2.827,-0.843,2.1790000000000003,9.266000000000002,9.264,0.0020000000000024443
2020-08-17 13:31:52,9.27,6896566.0,64029312.0,0.098,9.27,9.26,810000.0,242000.0,9.283999999999999,2.827,-0.71,2.174,9.266000000000002,9.264500000000002,0.0015000000000000568
2020-08-17 13:33:17,9.27,6912566.0,64177592.0,0.098,9.27,9.26,812000.0,266000.0,9.284,2.827,1.073,2.164,9.266000000000002,9.265000000000002,0.0009999999999994458
2020-08-17 13:33:17,9.27,6912566.0,64177592.0,0.098,9.27,9.26,826000.0,246000.0,9.283999999999999,2.827,0.0,2.153,9.266000000000002,9.265000000000002,0.0009999999999994458
2020-08-17 13:35:20,9.27,6930566.0,64344412.0,0.098,9.27,9.26,814000.0,260000.0,9.284,2.827,0.568,2.146,9.268000000000002,9.265000000000002,0.0030000000000001137
2020-08-17 13:36:33,9.26,6936566.0,64400012.0,0.098,9.27,9.26,872000.0,256000.0,9.283999999999999,2.827,-1.3,2.134,9.268000000000002,9.265000000000002,0.0030000000000001137
2020-08-17 13:37:23,9.27,6940566.0,64437092.0,0.099,9.27,9.26,890000.0,260000.0,9.284,2.827,-1.847,2.124,9.268000000000004,9.265000000000002,0.00300000000000189
2020-08-17 13:38:39,9.26,6988566.0,64881672.0,0.099,9.27,9.26,890000.0,222000.0,9.283,2.827,-2.928,2.121,9.266000000000002,9.265000000000002,0.0009999999999994458
2020-08-17 13:40:00,9.27,6994566.0,64937292.0,0.099,9.27,9.26,904000.0,222000.0,9.283,2.827,-3.0980000000000003,2.114,9.266000000000002,9.265500000000003,0.0004999999999988347
2020-08-17 13:40:01,9.26,6998934.0,64977710.0,0.099,9.27,9.26,916000.0,220000.0,9.283,2.827,-3.58,2.105,9.264000000000001,9.265500000000003,-0.0015000000000018332
2020-08-17 13:42:00,9.27,7004934.0,65033330.0,0.099,9.27,9.26,940000.0,218000.0,9.283,2.827,-4.167,2.093,9.266000000000002,9.265500000000003,0.0004999999999988347
2020-08-17 13:43:10,9.23,7502934.0,69640830.0,0.106,9.25,9.23,898000.0,138000.0,9.281,2.827,-20.379,2.199,9.258000000000001,9.263500000000002,-0.005500000000001393
2020-08-17 13:43:41,9.24,7538934.0,69973310.0,0.107,9.25,9.24,928000.0,30000.0,9.281,2.827,-24.869,2.229,9.254000000000001,9.262500000000003,-0.008500000000001506
2020-08-17 13:45:06,9.23,7614934.0,70675210.0,0.10800000000000001,9.24,9.23,828000.0,86000.0,9.281,2.827,-20.472,2.222,9.246000000000004,9.261000000000003,-0.014999999999998792
2020-08-17 13:45:06,9.23,7614934.0,70675210.0,0.108,9.24,9.23,828000.0,94000.0,9.281,2.827,-20.525,2.228,9.240000000000006,9.259500000000003,-0.019499999999997186
2020-08-17 13:46:57,9.23,7656934.0,71063070.0,0.109,9.24,9.23,814000.0,54000.0,9.28,2.827,-21.49,2.227,9.232000000000005,9.258000000000003,-0.025999999999998025
2020-08-17 13:48:04,9.22,7746934.0,71893470.0,0.11,9.23,9.22,876000.0,52000.0,9.28,2.827,-19.225,2.242,9.230000000000004,9.255500000000001,-0.025499999999997414
2020-08-17 13:48:04,9.22,7750934.0,71930350.0,0.11,9.23,9.22,888000.0,62000.0,9.28,2.827,-19.547,2.23,9.226000000000003,9.253000000000002,-0.026999999999999247
2020-08-17 13:48:04,9.22,7750934.0,71930350.0,0.11,9.23,9.22,902000.0,70000.0,9.28,2.827,-17.582,2.218,9.224000000000004,9.2505,-0.02649999999999686
2020-08-17 13:48:04,9.22,7750934.0,71930350.0,0.11,9.23,9.22,914000.0,84000.0,9.28,2.827,-17.55,2.206,9.222000000000003,9.248500000000002,-0.026499999999998636
2020-08-17 13:48:04,9.22,7754934.0,71967230.0,0.11,9.23,9.22,928000.0,124000.0,9.28,2.827,-16.273,2.195,9.220000000000002,9.246500000000001,-0.026499999999998636
2020-08-17 13:48:04,9.22,7754934.0,71967230.0,0.11,9.23,9.22,940000.0,124000.0,9.28,2.827,-16.298,2.184,9.220000000000002,9.244000000000002,-0.023999999999999133
2020-08-17 13:54:00,9.23,7762934.0,72041050.0,0.11,9.23,9.22,962000.0,122000.0,9.28,2.827,-17.246,2.174,9.222000000000003,9.242,-0.019999999999997797
2020-08-17 13:54:00,9.23,7768934.0,72096430.0,0.11,9.23,9.22,970000.0,178000.0,9.28,2.827,-15.556,2.164,9.224000000000004,9.239999999999998,-0.015999999999994685
2020-08-17 13:54:00,9.23,7798934.0,72373330.0,0.111,9.23,9.22,974000.0,148000.0,9.279,2.827,-16.337,2.153,9.226000000000004,9.237999999999998,-0.01199999999999335
2020-08-17 13:58:06,9.23,7812934.0,72502530.0,0.111,9.23,9.22,962000.0,142000.0,9.279,2.827,-18.349,2.153,9.228000000000005,9.236499999999998,-0.008499999999992625
2020-08-17 13:58:06,9.23,7814934.0,72520990.0,0.111,9.23,9.22,974000.0,136000.0,9.279,2.827,-18.786,2.148,9.230000000000008,9.234499999999997,-0.004499999999989512
2020-08-17 14:00:00,9.23,7828934.0,72650130.0,0.111,9.23,9.22,978000.0,116000.0,9.279,2.827,-18.565,2.138,9.230000000000008,9.232999999999997,-0.0029999999999894555
2020-08-17 14:01:20,9.22,7830934.0,72668570.0,0.111,9.23,9.22,986000.0,174000.0,9.279,2.827,-20.865,2.13,9.228000000000005,9.230499999999996,-0.002499999999990621
2020-08-17 14:01:46,9.23,7848934.0,72834690.0,0.111,9.23,9.22,982000.0,176000.0,9.279,2.827,-20.396,2.124,9.228000000000005,9.228999999999996,-0.000999999999990564
2020-08-17 14:02:31,9.22,7852934.0,72871570.0,0.111,9.23,9.22,992000.0,130000.0,9.279,2.827,-22.006,2.114,9.226000000000004,9.226499999999996,-0.0004999999999917293
2020-08-17 14:04:00,9.23,7860934.0,72945390.0,0.11199999999999999,9.23,9.22,994000.0,170000.0,9.279,2.827,-20.629,2.105,9.226000000000004,9.226499999999996,-0.0004999999999917293
2020-08-17 14:04:00,9.23,7866934.0,73000770.0,0.112,9.23,9.22,1006000.0,170000.0,9.279,2.827,-20.766,2.096,9.226000000000004,9.225999999999996,8.881784197001252e-15
2020-08-17 14:06:21,9.2,8308934.0,77073370.0,0.11800000000000001,9.21,9.2,1102000.0,148000.0,9.275,2.827,-33.995,2.2,9.222000000000005,9.224499999999995,-0.002499999999990621
2020-08-17 14:06:21,9.2,8328934.0,77257370.0,0.118,9.21,9.2,1134000.0,128000.0,9.275,2.827,-35.578,2.195,9.216000000000005,9.222999999999995,-0.006999999999990791
2020-08-17 14:08:05,9.18,8546934.0,79261950.0,0.121,9.19,9.18,1192000.0,72000.0,9.273,2.827,-43.349,2.2430000000000003,9.208000000000006,9.220499999999996,-0.012499999999990408
2020-08-17 14:09:50,9.19,8556934.0,79353830.0,0.121,9.19,9.18,1206000.0,102000.0,9.273,2.827,-40.59,2.234,9.200000000000006,9.218999999999996,-0.01899999999998947
2020-08-17 14:09:50,9.19,8558934.0,79372210.0,0.121,9.19,9.18,1218000.0,106000.0,9.273,2.827,-35.894,2.224,9.192000000000004,9.217499999999996,-0.025499999999992085
