update_time,last_price,volume,turnover,turnover_rate,ask_price,bid_price,ask_vol,bid_vol,avg_price,amplitude,bid_ask_ratio,volume_ratio,MA5,MA20,MA diff
2020-08-13 13:35:57,66.25,573081.0,38095953.0,0.048,66.3,66.25,26500.0,500.0,66.475,2.11,-20.93,0.495,,,
2020-08-13 13:35:57,66.25,574081.0,38162203.0,0.048,66.3,66.25,29500.0,500.0,66.475,2.11,-29.443,0.493,,,
2020-08-13 13:35:57,66.25,575081.0,38228453.0,0.048,66.3,66.25,30500.0,3000.0,66.47399999999999,2.11,-24.479,0.491,,,
2020-08-13 13:35:57,66.25,575581.0,38261578.0,0.048,66.3,66.25,33000.0,4500.0,66.47399999999999,2.11,-25.128,0.489,,,
2020-08-13 13:35:57,66.25,576581.0,38327828.0,0.048,66.3,66.25,34500.0,4000.0,66.47399999999999,2.11,-24.433000000000003,0.487,66.25,,
2020-08-13 13:35:57,66.25,577081.0,38360953.0,0.049,66.3,66.25,35500.0,4500.0,66.47399999999999,2.11,-26.396,0.485,66.25,,
2020-08-13 13:35:57,66.25,580581.0,38592828.0,0.049,66.3,66.25,35500.0,4000.0,66.472,2.11,-22.388,0.485,66.25,,
2020-08-13 13:35:57,66.25,583581.0,38791578.0,0.049,66.3,66.25,36000.0,2000.0,66.471,2.11,-25.381,0.486,66.25,,
2020-08-13 13:35:57,66.25,585581.0,38924078.0,0.049,66.3,66.25,41500.0,1500.0,66.47,2.11,-30.673,0.484,66.25,,
2020-08-13 13:35:57,66.25,591581.0,39321578.0,0.05,66.3,66.25,48000.0,1000.0,66.468,2.11,-32.678000000000004,0.485,66.25,,
2020-08-13 13:35:57,66.25,592581.0,39387828.0,0.05,66.3,66.25,47000.0,2000.0,66.468,2.11,-33.99,0.485,66.25,,
2020-08-13 13:35:57,66.25,595081.0,39553453.0,0.05,66.3,66.25,47000.0,1000.0,66.467,2.11,-30.096999999999998,0.484,66.25,,
2020-08-13 13:35:57,66.25,596581.0,39652828.0,0.05,66.3,66.25,45500.0,1500.0,66.46600000000001,2.11,-29.952,0.483,66.25,,
2020-08-13 13:57:38,66.2,628081.0,41737378.0,0.053,66.2,66.15,13500.0,4500.0,66.452,2.11,6.944,0.507,66.24,,
2020-08-13 13:59:01,66.3,648581.0,43095053.0,0.055,66.3,66.25,5000.0,2500.0,66.445,2.11,-8.333,0.518,66.25,,
2020-08-13 13:59:30,66.35,654581.0,43492903.0,0.055,66.45,66.3,9000.0,7500.0,66.443,2.11,-17.857,0.523,66.27000000000001,,
2020-08-13 14:01:06,66.4,654581.0,43492903.0,0.055,66.45,66.4,4500.0,3500.0,66.443,2.11,-19.76,0.52,66.3,,
2020-08-13 14:01:43,66.4,657081.0,43658928.0,0.055,66.45,66.35,13500.0,3500.0,66.443,2.11,-25.22300000000001,0.519,66.33,,
2020-08-13 14:02:13,66.35,660581.0,43891153.0,0.056,66.4,66.3,18000.0,2500.0,66.443,2.11,-25.552,0.52,66.36,,
2020-08-13 14:03:39,66.3,664081.0,44123203.0,0.055999999999999994,66.4,66.25,11000.0,2000.0,66.442,2.11,-10.482000000000001,0.52,66.36,66.2775,0.08249999999999602
2020-08-13 14:04:57,66.25,664581.0,44156328.0,0.056,66.4,66.25,11000.0,3000.0,66.442,2.11,-10.602,0.518,66.34,66.2775,0.0625
2020-08-13 14:04:57,66.25,665081.0,44189453.0,0.055999999999999994,66.4,66.25,11500.0,5000.0,66.442,2.11,-10.423,0.516,66.31000000000002,66.2775,0.032500000000013074
2020-08-13 14:07:00,66.3,665081.0,44189453.0,0.056,66.4,66.3,11000.0,5500.0,66.442,2.11,-19.52,0.514,66.29,66.28,0.010000000000005116
2020-08-13 14:07:00,66.3,665081.0,44189453.0,0.055999999999999994,66.4,66.3,12000.0,5500.0,66.442,2.11,-21.581,0.511,66.28000000000002,66.2825,-0.0024999999999835154
2020-08-13 14:09:19,66.4,666463.0,44281231.0,0.056,66.4,66.35,15000.0,5500.0,66.442,2.11,-22.619,0.509,66.30000000000001,66.28999999999999,0.010000000000019327
2020-08-13 14:09:19,66.4,666963.0,44314431.0,0.055999999999999994,66.4,66.35,16500.0,5500.0,66.442,2.11,-20.354,0.508,66.33000000000001,66.2975,0.032500000000013074
2020-08-13 14:09:19,66.4,666963.0,44314431.0,0.056,66.4,66.35,19500.0,6500.0,66.442,2.11,-24.058000000000003,0.505,66.36000000000001,66.305,0.05500000000000682
2020-08-13 14:09:19,66.4,666963.0,44314431.0,0.055999999999999994,66.4,66.35,22500.0,8000.0,66.442,2.11,-26.436999999999998,0.503,66.38000000000001,66.31250000000001,0.06749999999999545
2020-08-13 14:09:19,66.4,666963.0,44314431.0,0.056,66.4,66.35,23000.0,8000.0,66.442,2.11,-28.488000000000003,0.5,66.4,66.32000000000002,0.07999999999998408
2020-08-13 14:13:56,66.35,667963.0,44380781.0,0.055999999999999994,66.4,66.35,24500.0,6500.0,66.441,2.11,-26.611,0.498,66.39000000000001,66.32500000000002,0.06499999999999773
2020-08-13 14:13:56,66.35,668963.0,44447131.0,0.056,66.4,66.35,24000.0,8000.0,66.441,2.11,-23.967,0.4970000000000001,66.38000000000002,66.33000000000001,0.05000000000001137
2020-08-13 14:13:56,66.35,669463.0,44480306.0,0.055999999999999994,66.4,66.35,26000.0,8500.0,66.441,2.11,-24.660999999999998,0.495,66.37000000000003,66.33500000000001,0.03500000000002501
2020-08-13 14:13:56,66.35,670463.0,44546656.0,0.056,66.4,66.35,28000.0,8000.0,66.441,2.11,-20.635,0.493,66.36000000000004,66.34,0.020000000000038654
2020-08-13 14:18:21,66.4,670963.0,44579856.0,0.055999999999999994,66.4,66.35,30500.0,9500.0,66.441,2.11,-21.354,0.4920000000000001,66.36000000000004,66.35,0.010000000000047748
2020-08-13 14:19:50,66.3,680963.0,45243306.0,0.057,66.35,66.3,23500.0,4000.0,66.44,2.11,3.18,0.49,66.35000000000005,66.35,5.684341886080802e-14
2020-08-13 14:19:50,66.3,682963.0,45375906.0,0.057,66.35,66.25,32500.0,5500.0,66.439,2.11,8.411,0.496,66.34000000000006,66.3475,-0.007499999999936335
2020-08-13 14:19:50,66.3,682963.0,45375906.0,0.057,66.35,66.25,37000.0,5000.0,66.439,2.11,2.769,0.494,66.33000000000007,66.3425,-0.012499999999931788
2020-08-13 14:19:50,66.3,682963.0,45375906.0,0.057,66.35,66.25,35500.0,7500.0,66.439,2.11,4.848,0.4920000000000001,66.32000000000008,66.33749999999999,-0.01749999999991303
2020-08-13 14:23:34,66.25,683963.0,45442156.0,0.057,66.3,66.25,28000.0,8000.0,66.439,2.11,-17.422,0.49,66.29000000000008,66.3325,-0.042499999999918714
2020-08-13 14:23:34,66.25,684963.0,45508406.0,0.057999999999999996,66.3,66.25,36500.0,7500.0,66.439,2.11,-16.432000000000002,0.488,66.28000000000007,66.33,-0.049999999999926104
2020-08-13 14:23:34,66.25,684963.0,45508406.0,0.058,66.3,66.25,40000.0,8000.0,66.439,2.11,-16.397000000000002,0.486,66.27000000000007,66.33,-0.05999999999993122
2020-08-13 14:27:00,66.4,727463.0,48326281.0,0.061,66.45,66.35,3500.0,7500.0,66.431,2.11,-17.365,0.514,66.29000000000006,66.3375,-0.04749999999994259
2020-08-13 14:27:00,66.4,727463.0,48326281.0,0.061,66.45,66.35,5000.0,11500.0,66.431,2.11,-17.059,0.512,66.31000000000007,66.3425,-0.03249999999992781
2020-08-13 14:27:00,66.4,730963.0,48558731.0,0.061,66.4,66.35,2000.0,12000.0,66.431,2.11,-7.077000000000001,0.512,66.34000000000007,66.34750000000001,-0.007499999999936335
2020-08-13 14:27:00,66.4,741468.0,49256263.0,0.062,66.45,66.35,2500.0,6500.0,66.43,2.11,-13.12,0.518,66.37000000000008,66.34750000000001,0.0225000000000648
2020-08-13 14:31:17,66.4,775468.0,51515513.0,0.065,66.5,66.35,5000.0,4000.0,66.431,2.11,-19.277,0.518,66.40000000000006,66.34750000000001,0.05250000000005173
2020-08-13 14:32:13,66.3,779968.0,51814063.0,0.066,66.5,66.25,7000.0,4000.0,66.431,2.11,-14.986,0.54,66.38000000000007,66.3425,0.03750000000006537
2020-08-13 14:32:13,66.3,780468.0,51847213.0,0.066,66.5,66.3,9000.0,2500.0,66.43,2.11,-23.392,0.5379999999999999,66.36000000000006,66.3375,0.02250000000005059
2020-08-13 14:32:13,66.3,780468.0,51847213.0,0.066,66.5,66.3,9000.0,3000.0,66.43,2.11,-22.899,0.535,66.34000000000006,66.3325,0.007500000000064233
2020-08-13 14:35:31,66.35,780468.0,51847213.0,0.066,66.45,66.35,4500.0,4000.0,66.43,2.11,-21.662,0.5329999999999999,66.33000000000007,66.3325,-0.002499999999926672
2020-08-13 14:35:46,66.4,780968.0,51880413.0,0.066,66.45,66.4,5000.0,2000.0,66.43,2.11,-20.359,0.531,66.33000000000007,66.33500000000001,-0.004999999999938609
2020-08-13 14:35:46,66.4,780968.0,51880413.0,0.066,66.45,66.4,8000.0,2000.0,66.43,2.11,-15.152000000000001,0.529,66.35000000000005,66.3375,0.012500000000045475
2020-08-13 14:37:59,66.35,785968.0,52212263.0,0.066,66.4,66.35,9500.0,1500.0,66.43,2.11,-11.364,0.53,66.36000000000004,66.3375,0.02250000000003638
2020-08-13 14:37:59,66.35,787468.0,52311788.0,0.066,66.4,66.3,11500.0,2000.0,66.43,2.11,-13.725,0.528,66.37000000000003,66.33500000000001,0.03500000000002501
2020-08-13 14:37:59,66.35,787468.0,52311788.0,0.066,66.4,66.3,11500.0,2500.0,66.43,2.11,-12.849,0.527,66.37000000000003,66.3375,0.032500000000027285
2020-08-13 14:37:59,66.35,787468.0,52311788.0,0.066,66.35,66.3,11500.0,3000.0,66.43,2.11,17.647000000000006,0.524,66.36000000000004,66.34,0.020000000000038654
2020-08-13 14:42:52,66.3,788468.0,52378088.0,0.066,66.35,66.3,13500.0,5500.0,66.43,2.11,17.143,0.522,66.34000000000003,66.34,2.842170943040401e-14
2020-08-13 14:44:11,66.35,789968.0,52477613.0,0.066,66.35,66.3,13000.0,5000.0,66.43,2.11,17.266,0.521,66.34000000000003,66.3425,-0.0024999999999693046
2020-08-13 14:44:11,66.35,789968.0,52477613.0,0.066,66.35,66.3,15000.0,6000.0,66.43,2.11,13.889,0.517,66.34000000000003,66.3475,-0.007499999999964757
2020-08-13 14:47:24,66.35,791968.0,52610263.0,0.067,66.35,66.3,16500.0,4500.0,66.429,2.11,11.972000000000001,0.515,66.34000000000003,66.35249999999999,-0.01249999999996021
2020-08-13 14:48:25,66.3,792468.0,52643413.0,0.067,66.35,66.3,16500.0,4000.0,66.429,2.11,11.972,0.514,66.33000000000004,66.35499999999999,-0.02499999999994884
2020-08-13 14:48:25,66.3,792968.0,52676563.0,0.067,66.35,66.3,19000.0,4000.0,66.429,2.11,10.345,0.512,66.33000000000004,66.34999999999998,-0.019999999999939178
2020-08-13 14:48:25,66.3,793968.0,52742863.0,0.067,66.35,66.3,20000.0,4000.0,66.429,2.11,8.844,0.51,66.32000000000005,66.34499999999997,-0.02499999999992042
2020-08-13 14:48:25,66.3,794468.0,52776013.0,0.067,66.35,66.3,20500.0,4000.0,66.429,2.11,9.277999999999999,0.508,66.31000000000006,66.33999999999996,-0.02999999999990166
2020-08-13 14:52:51,66.35,795468.0,52842338.0,0.067,66.35,66.3,20500.0,5500.0,66.429,2.11,9.459,0.507,66.31000000000006,66.33749999999995,-0.027499999999889724
2020-08-13 14:52:51,66.35,795468.0,52842338.0,0.067,66.35,66.3,20500.0,7000.0,66.429,2.11,9.764,0.505,66.32000000000006,66.33499999999995,-0.014999999999886882
2020-08-13 14:55:00,66.3,822968.0,54665588.0,0.069,66.35,66.25,13500.0,2500.0,66.42399999999999,2.11,16.066,0.504,66.32000000000006,66.33499999999995,-0.014999999999886882
2020-08-13 14:56:23,66.35,831968.0,55262413.0,0.07,66.4,66.25,6500.0,5500.0,66.423,2.11,-1.075,0.522,66.33000000000006,66.33749999999995,-0.007499999999893703
2020-08-13 14:57:00,66.4,832968.0,55328813.0,0.07,66.4,66.35,6000.0,2000.0,66.423,2.11,-12.941,0.523,66.35000000000005,66.34249999999994,0.007500000000106866
2020-08-13 14:58:08,66.35,834468.0,55428338.0,0.07,66.4,66.3,8500.0,8000.0,66.423,2.11,-10.802999999999999,0.522,66.35000000000005,66.34249999999994,0.007500000000106866
2020-08-13 14:59:38,66.3,837968.0,55660388.0,0.07,66.4,66.3,10500.0,7500.0,66.423,2.11,-12.155,0.519,66.34000000000006,66.33749999999995,0.002500000000111413
2020-08-13 14:59:38,66.3,838468.0,55693538.0,0.07,66.4,66.3,10000.0,6500.0,66.422,2.11,-12.353,0.52,66.34000000000006,66.33249999999994,0.0075000000001210765
2020-08-13 15:01:36,66.4,838968.0,55726738.0,0.071,66.4,66.35,11000.0,1500.0,66.422,2.11,-13.45,0.518,66.35000000000005,66.33499999999995,0.015000000000100044
2020-08-13 15:01:58,66.35,840468.0,55826263.0,0.071,66.4,66.3,11000.0,5500.0,66.422,2.11,-14.118,0.517,66.34000000000006,66.33499999999995,0.005000000000109139
2020-08-13 15:01:58,66.35,840468.0,55826263.0,0.071,66.4,66.3,13500.0,7000.0,66.422,2.11,-14.613,0.515,66.34000000000006,66.33499999999995,0.005000000000109139
2020-08-13 15:01:58,66.35,840468.0,55826263.0,0.071,66.4,66.3,14000.0,6500.0,66.422,2.11,-15.429,0.513,66.35000000000005,66.33499999999995,0.015000000000100044
2020-08-13 15:01:58,66.35,840468.0,55826263.0,0.071,66.4,66.3,14000.0,7000.0,66.422,2.11,-15.1,0.511,66.36000000000004,66.33749999999995,0.022500000000093223
2020-08-13 15:01:58,66.35,840968.0,55859413.0,0.071,66.4,66.3,15500.0,7000.0,66.422,2.11,-15.819,0.51,66.35000000000005,66.33749999999995,0.012500000000102318
2020-08-13 15:01:58,66.35,840968.0,55859413.0,0.071,66.4,66.3,18000.0,6500.0,66.422,2.11,-17.317999999999998,0.508,66.35000000000005,66.33749999999995,0.012500000000102318
2020-08-13 15:01:58,66.35,840968.0,55859413.0,0.071,66.4,66.3,17500.0,12500.0,66.422,2.11,-12.807,0.506,66.35000000000005,66.33749999999995,0.012500000000102318
2020-08-13 15:09:36,66.45,864468.0,57419638.0,0.073,66.5,66.45,2500.0,3500.0,66.421,2.11,-12.312,0.518,66.37000000000005,66.34499999999994,0.02500000000010516
2020-08-13 15:10:25,66.45,867468.0,57619013.0,0.073,66.5,66.4,5500.0,3000.0,66.422,2.11,-16.667,0.518,66.39000000000006,66.35249999999995,0.037500000000108
2020-08-13 15:11:47,66.5,870968.0,57851463.0,0.073,66.5,66.4,5500.0,1500.0,66.422,2.11,-18.318,0.518,66.42000000000004,66.36249999999995,0.05750000000008981
2020-08-13 15:12:18,66.4,872468.0,57951063.0,0.073,66.5,66.3,7000.0,8500.0,66.421,2.11,-18.129,0.517,66.43000000000004,66.36749999999996,0.06250000000007105
2020-08-13 15:13:37,66.3,879968.0,58448313.0,0.07400000000000001,66.45,66.25,6500.0,23500.0,66.42,2.11,6.824,0.519,66.42000000000004,66.36499999999997,0.055000000000077875
2020-08-13 15:13:37,66.3,879968.0,58448313.0,0.07400000000000001,66.45,66.3,11000.0,17500.0,66.42,2.11,-9.763,0.517,66.39000000000006,66.36249999999997,0.027500000000088676
2020-08-13 15:15:42,66.4,879968.0,58448313.0,0.07400000000000001,66.45,66.4,11500.0,2000.0,66.42,2.11,-16.022000000000002,0.516,66.38000000000005,66.36749999999998,0.012500000000073896
2020-08-13 15:15:42,66.4,881968.0,58581113.0,0.07400000000000001,66.45,66.4,13500.0,500.0,66.42,2.11,-22.191999999999997,0.514,66.36000000000006,66.36999999999998,-0.00999999999991985
2020-08-13 15:15:42,66.4,881968.0,58581113.0,0.07400000000000001,66.45,66.4,13500.0,500.0,66.42,2.11,-22.192,0.513,66.36000000000006,66.36999999999998,-0.00999999999991985
2020-08-13 15:15:42,66.4,882468.0,58614313.0,0.07400000000000001,66.45,66.4,17000.0,2000.0,66.42,2.11,-24.064,0.512,66.38000000000005,66.37249999999999,0.007500000000064233
2020-08-13 15:15:42,66.4,884468.0,58747113.0,0.07400000000000001,66.45,66.4,28000.0,500.0,66.42,2.11,-29.592,0.51,66.40000000000006,66.3775,0.0225000000000648
2020-08-13 15:15:42,66.4,885468.0,58813513.0,0.07400000000000001,66.45,66.4,29500.0,1000.0,66.42,2.11,-29.825,0.51,66.40000000000006,66.38250000000001,0.017500000000055138
2020-08-13 15:15:42,66.4,885468.0,58813513.0,0.07400000000000001,66.45,66.4,29000.0,1000.0,66.42,2.11,-29.323,0.508,66.40000000000006,66.38250000000001,0.017500000000055138
2020-08-13 15:15:42,66.4,885468.0,58813513.0,0.07400000000000001,66.45,66.4,38000.0,3000.0,66.42,2.11,-27.885,0.506,66.40000000000006,66.38500000000002,0.015000000000043201
2020-08-13 15:15:42,66.4,885468.0,58813513.0,0.07400000000000001,66.45,66.4,38500.0,4000.0,66.42,2.11,-29.298,0.504,66.40000000000006,66.38750000000002,0.012500000000045475
2020-08-13 15:15:42,66.4,885968.0,58846713.0,0.07400000000000001,66.45,66.4,45000.0,5000.0,66.42,2.11,-29.815,0.502,66.40000000000006,66.39000000000003,0.010000000000033538
2020-08-13 15:26:09,66.3,900468.0,59808813.0,0.076,66.35,66.3,42000.0,2000.0,66.419,2.11,-10.448,0.507,66.38000000000007,66.38750000000003,-0.007499999999964757
2020-08-13 15:27:30,66.2,953468.0,63319975.0,0.08,66.2,66.15,8000.0,13000.0,66.41,2.11,-0.581,0.537,66.34000000000006,66.38000000000004,-0.03999999999997783
2020-08-13 15:28:08,66.15,969079.0,64353690.0,0.081,66.25,66.15,12500.0,21500.0,66.407,2.11,5.0280000000000005,0.544,66.29000000000005,66.37000000000005,-0.0799999999999983
2020-08-13 15:29:08,66.3,981579.0,65181815.0,0.083,66.35,66.3,5500.0,3500.0,66.405,2.11,-2.667,0.55,66.27000000000005,66.36750000000005,-0.09749999999999659
2020-08-13 15:29:08,66.3,985579.0,65447015.0,0.083,66.35,66.25,9000.0,7500.0,66.404,2.11,6.215,0.55,66.25000000000004,66.36000000000004,-0.10999999999999943
2020-08-13 15:29:08,66.3,985579.0,65447015.0,0.083,66.35,66.3,10000.0,1000.0,66.404,2.11,-10.526,0.5479999999999999,66.25000000000004,66.35250000000005,-0.10250000000000625
2020-08-13 15:29:08,66.3,985579.0,65447015.0,0.083,66.35,66.3,11500.0,2000.0,66.404,2.11,-10.897,0.546,66.27000000000005,66.34250000000004,-0.0724999999999909
2020-08-13 15:29:08,66.3,986079.0,65480165.0,0.083,66.35,66.3,13000.0,6000.0,66.404,2.11,-11.321,0.544,66.30000000000004,66.33750000000003,-0.037499999999994316
2020-08-13 15:29:08,66.3,986079.0,65480165.0,0.083,66.35,66.3,20500.0,6500.0,66.404,2.11,-27.541,0.542,66.30000000000004,66.33750000000003,-0.037499999999994316
2020-08-13 15:36:03,66.35,988079.0,65612790.0,0.083,66.35,66.3,20500.0,5000.0,66.404,2.11,-21.345,0.541,66.31000000000004,66.34000000000003,-0.029999999999986926
2020-08-13 15:36:03,66.35,988579.0,65645965.0,0.083,66.35,66.3,22000.0,6000.0,66.404,2.11,-21.333,0.54,66.32000000000004,66.33750000000002,-0.017499999999984084
2020-08-13 15:36:03,66.35,1015579.0,67437415.0,0.085,66.4,66.35,4500.0,6500.0,66.402,2.11,-21.491999999999997,0.5379999999999999,66.33000000000003,66.33500000000001,-0.004999999999981242
2020-08-13 15:38:35,66.4,1016579.0,67503815.0,0.085,66.4,66.35,6500.0,6000.0,66.402,2.11,-21.724,0.551,66.35000000000004,66.33500000000001,0.01500000000002899
2020-08-13 15:38:35,66.4,1017079.0,67537015.0,0.085,66.4,66.35,9000.0,9000.0,66.402,2.11,-18.937,0.5489999999999999,66.37000000000003,66.33500000000001,0.03500000000002501
2020-08-13 15:38:35,66.4,1017579.0,67570215.0,0.086,66.4,66.35,10000.0,9500.0,66.402,2.11,-18.874,0.5489999999999999,66.38000000000004,66.33500000000001,0.04500000000003013
2020-08-13 15:42:18,66.4,1050079.0,69728690.0,0.08800000000000001,66.45,66.35,9000.0,16500.0,66.403,2.11,-13.355,0.561,66.39000000000003,66.33500000000001,0.05500000000002103
2020-08-13 15:42:56,66.35,1071079.0,71122040.0,0.09,66.4,66.3,18500.0,6000.0,66.402,2.11,-17.324,0.5710000000000001,66.39000000000003,66.33250000000001,0.05750000000001876
2020-08-13 15:44:39,66.25,1085579.0,72082890.0,0.091,66.4,66.25,22500.0,7500.0,66.4,2.11,-10.462,0.574,66.36000000000004,66.325,0.03500000000003922
2020-08-13 15:45:21,66.3,1087579.0,72215490.0,0.091,66.35,66.3,10500.0,5500.0,66.4,2.11,-17.887999999999995,0.578,66.34000000000003,66.32,0.020000000000038654
2020-08-13 15:45:21,66.3,1089079.0,72314965.0,0.092,66.35,66.3,14000.0,4500.0,66.4,2.11,-26.21,0.5770000000000001,66.32000000000002,66.31499999999998,0.005000000000038085
2020-08-13 15:45:21,66.3,1108579.0,73607815.0,0.093,66.35,66.3,7000.0,4000.0,66.398,2.11,-15.13,0.585,66.30000000000003,66.31499999999998,-0.014999999999957936
2020-08-13 15:45:21,66.3,1108579.0,73607815.0,0.09300000000000001,66.35,66.3,8500.0,10000.0,66.398,2.11,-15.917,0.583,66.29000000000003,66.31999999999998,-0.029999999999944293
2020-08-13 15:49:27,66.3,1142079.0,75829790.0,0.096,66.4,66.25,15500.0,13000.0,66.396,2.11,-15.116,0.599,66.30000000000004,66.32749999999997,-0.027499999999932356
2020-08-14 15:23:09,66.3,862351.0,57571318.0,0.07200000000000001,66.35,66.3,19000.0,10500.0,66.76,1.504,-17.647000000000006,0.522,66.30000000000004,66.32749999999997,-0.027499999999932356
2020-08-14 15:25:37,66.2,874851.0,58400018.0,0.07400000000000001,66.3,66.2,35500.0,7000.0,66.75399999999999,1.579,-26.606,0.527,66.28000000000003,66.32249999999998,-0.042499999999947136
2020-08-14 15:26:46,66.2,876851.0,58532443.0,0.07400000000000001,66.25,66.2,14000.0,6500.0,66.753,1.579,-27.879,0.526,66.26000000000002,66.31749999999998,-0.057499999999961915
2020-08-14 15:26:46,66.2,877351.0,58565543.0,0.07400000000000001,66.25,66.2,14000.0,9500.0,66.752,1.579,-20.228,0.525,66.24000000000002,66.31249999999999,-0.07249999999996248
2020-08-14 15:28:54,66.5,936351.0,62477168.0,0.079,66.5,66.25,5000.0,9000.0,66.72399999999999,1.579,20.28,0.5329999999999999,66.28000000000002,66.32249999999999,-0.04249999999997556
2020-08-14 15:28:54,66.5,939851.0,62709918.0,0.079,66.55,66.35,1500.0,10000.0,66.723,1.579,14.379,0.5589999999999999,66.32000000000002,66.3325,-0.01249999999997442
2020-08-14 15:30:40,66.4,944351.0,63008543.0,0.079,66.4,66.35,5000.0,3000.0,66.721,1.579,-1.695,0.5589999999999999,66.36000000000003,66.33500000000001,0.025000000000019895
2020-08-14 15:31:51,66.3,948851.0,63307093.0,0.08,66.35,66.3,7500.0,1000.0,66.719,1.579,31.754,0.56,66.38000000000002,66.33250000000001,0.04750000000001364
2020-08-14 15:31:51,66.3,949351.0,63340243.0,0.08,66.35,66.3,9000.0,1000.0,66.719,1.579,33.654,0.5579999999999999,66.40000000000003,66.33000000000001,0.0700000000000216
2020-08-14 15:31:51,66.3,949851.0,63373393.0,0.08,66.35,66.3,8500.0,2000.0,66.719,1.579,33.019,0.557,66.36000000000004,66.325,0.03500000000003922
2020-08-14 15:35:05,66.3,978351.0,65262168.0,0.08199999999999999,66.3,66.2,2000.0,8500.0,66.706,1.579,1.66,0.557,66.32000000000004,66.32,4.263256414560601e-14
2020-08-14 15:36:00,66.35,998851.0,66621743.0,0.084,66.5,66.3,7000.0,7000.0,66.69800000000001,1.579,-8.405,0.5720000000000001,66.31000000000003,66.31749999999998,-0.007499999999950546
2020-08-14 15:36:41,66.35,999351.0,66654893.0,0.084,66.45,66.35,2000.0,5500.0,66.69800000000001,1.579,-15.235999999999999,0.58,66.32000000000004,66.31499999999997,0.005000000000066507
2020-08-14 15:36:41,66.35,999851.0,66688068.0,0.084,66.45,66.35,10000.0,6000.0,66.69800000000001,1.579,-19.435,0.578,66.33000000000003,66.31499999999997,0.015000000000057412
2020-08-14 15:39:01,66.3,1018851.0,67949343.0,0.086,66.35,66.3,4500.0,6000.0,66.692,1.579,-9.287,0.5870000000000001,66.33000000000003,66.31749999999997,0.012500000000059686
2020-08-14 15:40:02,66.35,1024351.0,68314343.0,0.086,66.35,66.3,2000.0,8000.0,66.69,1.579,4.444,0.588,66.34000000000002,66.31999999999996,0.020000000000052864
2020-08-14 15:41:00,66.35,1026851.0,68480168.0,0.086,66.35,66.3,500.0,7000.0,66.689,1.579,-2.296,0.588,66.34,66.32249999999996,0.017500000000040927
2020-08-14 15:41:57,66.3,1027351.0,68513318.0,0.086,66.35,66.3,1500.0,11500.0,66.689,1.579,-0.816,0.586,66.33000000000001,66.32249999999996,0.007500000000050022
2020-08-14 15:41:57,66.3,1028351.0,68579618.0,0.086,66.35,66.3,4000.0,11000.0,66.688,1.579,6.803999999999999,0.584,66.32000000000002,66.32249999999996,-0.002499999999940883
2020-08-14 15:41:57,66.3,1028851.0,68612768.0,0.086,66.35,66.3,9500.0,13500.0,66.688,1.579,-1.796,0.583,66.32000000000002,66.32249999999996,-0.002499999999940883
2020-08-14 15:45:29,66.4,1099851.0,73321906.0,0.092,66.4,66.35,26500.0,53000.0,66.665,1.579,-7.109,0.5820000000000001,66.33000000000001,66.32749999999997,0.002500000000040359
2020-08-14 15:46:15,66.4,1135851.0,75711956.0,0.095,66.45,66.4,25500.0,17000.0,66.656,1.579,-22.841,0.624,66.34,66.33749999999998,0.002500000000026148
2020-08-14 15:46:15,66.4,1136851.0,75778356.0,0.096,66.45,66.4,7000.0,17500.0,66.656,1.579,-12.43,0.638,66.36,66.34749999999998,0.012500000000017053
2020-08-14 15:48:40,66.4,1155851.0,77040731.0,0.097,66.4,66.35,11500.0,2500.0,66.652,1.579,-23.19400000000001,0.645,66.38000000000001,66.35749999999999,0.02250000000002217
2020-08-14 15:50:23,66.2,1177851.0,78498881.0,0.099,66.3,66.2,12500.0,15500.0,66.645,1.579,1.261,0.655,66.36,66.34249999999999,0.017500000000012506
2020-08-14 17:23:45,66.5,1332351.0,88763581.0,0.112,66.55,66.5,13000.0,1000.0,66.62100000000001,1.579,-30.492,0.72,66.38,66.34249999999999,0.037500000000008527
2020-08-14 17:23:45,66.5,1332351.0,88763581.0,0.11199999999999999,66.55,66.5,13000.0,1000.0,66.62100000000001,1.579,-30.491999999999997,0.72,66.4,66.34749999999998,0.052500000000023306
2020-08-14 17:23:45,66.5,1332351.0,88763581.0,0.112,66.55,66.5,13000.0,1000.0,66.62100000000001,1.579,-30.492,0.72,66.42,66.35749999999999,0.06250000000001421
2020-08-14 17:23:45,66.5,1332351.0,88763581.0,0.11199999999999999,66.55,66.5,13000.0,1000.0,66.62100000000001,1.579,-30.491999999999997,0.72,66.44000000000001,66.36749999999998,0.07250000000003354
2020-08-14 17:23:45,66.5,1332351.0,88763581.0,0.112,66.55,66.5,13000.0,1000.0,66.62100000000001,1.579,-30.492,0.72,66.50000000000001,66.37749999999998,0.1225000000000307
2020-08-14 17:23:45,66.5,1332351.0,88763581.0,0.11199999999999999,66.55,66.5,13000.0,1000.0,66.62100000000001,1.579,-30.491999999999997,0.72,66.50000000000001,66.38749999999999,0.11250000000002558
2020-08-14 17:23:45,66.5,1332351.0,88763581.0,0.112,66.55,66.5,13000.0,1000.0,66.62100000000001,1.579,-30.492,0.72,66.50000000000001,66.395,0.10500000000001819
2020-08-14 17:23:45,66.5,1332351.0,88763581.0,0.11199999999999999,66.55,66.5,13000.0,1000.0,66.62100000000001,1.579,-30.491999999999997,0.72,66.50000000000001,66.4025,0.0975000000000108
2020-08-14 17:23:45,66.5,1332351.0,88763581.0,0.112,66.55,66.5,13000.0,1000.0,66.62100000000001,1.579,-30.492,0.72,66.50000000000001,66.41,0.09000000000001762
2020-08-14 17:23:45,66.5,1332351.0,88763581.0,0.11199999999999999,66.55,66.5,13000.0,1000.0,66.62100000000001,1.579,-30.491999999999997,0.72,66.50000000000001,66.42,0.0800000000000125
2020-08-14 17:23:45,66.5,1332351.0,88763581.0,0.112,66.55,66.5,13000.0,1000.0,66.62100000000001,1.579,-30.492,0.72,66.50000000000001,66.42750000000001,0.07250000000000512
2020-08-14 17:23:45,66.5,1332351.0,88763581.0,0.11199999999999999,66.55,66.5,13000.0,1000.0,66.62100000000001,1.579,-30.491999999999997,0.72,66.50000000000001,66.43500000000002,0.06499999999999773
2020-08-17 09:00:03,67.4,0.0,0.0,0.0,67.4,67.4,10000.0,8500.0,0.0,0.0,-40.351,0.0,66.68000000000002,66.49000000000002,0.18999999999999773
2020-08-17 09:00:03,67.4,0.0,0.0,0.0,67.4,67.4,14500.0,8500.0,0.0,0.0,-48.485,0.0,66.86000000000001,66.54500000000003,0.3149999999999835
2020-08-17 09:00:03,67.4,0.0,0.0,0.0,67.4,67.4,16500.0,8500.0,0.0,0.0,-51.429,0.0,67.04,66.60000000000004,0.4399999999999693
2020-08-17 09:00:03,67.4,0.0,0.0,0.0,67.4,67.4,16500.0,8500.0,0.0,0.0,-52.778,0.0,67.22,66.65000000000003,0.5699999999999648
2020-08-17 09:00:03,67.4,0.0,0.0,0.0,67.4,67.4,17500.0,10000.0,0.0,0.0,-48.052,0.0,67.4,66.70000000000003,0.6999999999999744
2020-08-17 09:00:03,67.4,0.0,0.0,0.0,67.4,67.4,19500.0,10000.0,0.0,0.0,-50.617,0.0,67.4,66.75000000000003,0.6499999999999773
2020-08-17 09:00:03,67.4,0.0,0.0,0.0,67.4,67.4,19500.0,10000.0,0.0,0.0,-50.617,0.0,67.4,66.80000000000004,0.5999999999999659
2020-08-17 09:00:03,67.4,0.0,0.0,0.0,67.4,67.4,19500.0,10000.0,0.0,0.0,-50.617,0.0,67.4,66.86000000000004,0.5399999999999636
2020-08-17 09:08:26,67.3,0.0,0.0,0.0,67.3,67.3,10000.0,10000.0,0.0,0.0,-51.807,0.0,67.38,66.90000000000003,0.47999999999996135
2020-08-17 09:08:26,67.3,0.0,0.0,0.0,67.3,67.3,10000.0,10000.0,0.0,0.0,-51.806999999999995,0.0,67.35999999999999,66.94000000000003,0.4199999999999591
2020-08-17 09:08:26,67.3,0.0,0.0,0.0,67.3,67.3,10500.0,10000.0,0.0,0.0,-52.381,0.0,67.33999999999999,66.98000000000003,0.3599999999999568
2020-08-17 09:08:26,67.3,0.0,0.0,0.0,67.3,67.3,11000.0,10000.0,0.0,0.0,-52.941,0.0,67.31999999999998,67.02000000000002,0.2999999999999545
2020-08-17 09:11:59,67.15,0.0,0.0,0.0,67.15,67.15,10000.0,10000.0,0.0,0.0,-38.462,0.0,67.26999999999998,67.05250000000004,0.2174999999999443
2020-08-17 09:13:21,67.1,0.0,0.0,0.0,67.1,67.1,18000.0,10000.0,0.0,0.0,-52.941,0.0,67.22999999999999,67.08250000000002,0.14749999999996533
2020-08-17 09:13:21,67.1,0.0,0.0,0.0,67.1,67.1,18500.0,10500.0,0.0,0.0,-37.374,0.0,67.18999999999997,67.11250000000003,0.07749999999994373
2020-08-17 09:13:21,67.1,0.0,0.0,0.0,67.1,67.1,18500.0,10500.0,0.0,0.0,-37.374,0.0,67.14999999999996,67.14250000000001,0.007499999999950546
2020-08-17 09:13:21,67.1,0.0,0.0,0.0,67.1,67.1,18500.0,10500.0,0.0,0.0,-37.374,0.0,67.10999999999996,67.17250000000001,-0.06250000000005684
2020-08-17 09:13:21,67.1,0.0,0.0,0.0,67.1,67.1,18500.0,10500.0,0.0,0.0,-37.374,0.0,67.09999999999995,67.20250000000001,-0.1025000000000631
2020-08-17 09:13:21,67.1,0.0,0.0,0.0,67.1,67.1,18500.0,10500.0,0.0,0.0,-37.374,0.0,67.09999999999995,67.2325,-0.13250000000005002
2020-08-17 09:13:21,67.1,11500.0,771650.0,0.001,67.1,67.05,8000.0,5000.0,67.1,0.0,-64.91199999999999,0.0,67.09999999999995,67.2625,-0.16250000000005116
2020-08-17 09:13:21,67.1,11500.0,771650.0,0.001,67.1,67.05,8000.0,5000.0,67.1,0.0,-64.91199999999999,0.0,67.09999999999995,67.24749999999999,-0.14750000000003638
2020-08-17 09:31:31,66.55,44000.0,2940800.0,0.004,66.6,66.55,11000.0,3500.0,66.836,0.902,-23.288,3.765,66.98999999999997,67.20499999999998,-0.21500000000001762
2020-08-17 09:33:13,66.6,70500.0,4706200.0,0.006,66.65,66.5,5500.0,9000.0,66.75399999999999,0.902,-30.286,4.355,66.88999999999996,67.16499999999998,-0.2750000000000199
2020-08-17 09:33:38,66.75,76500.0,5106250.0,0.006,66.85,66.55,5000.0,2000.0,66.748,0.902,-23.243000000000002,3.665,66.81999999999996,67.13249999999996,-0.3125
2020-08-17 09:35:34,66.7,82500.0,5505825.0,0.006999999999999999,66.7,66.55,500.0,10500.0,66.737,0.902,-18.681,3.138,66.73999999999997,67.09749999999997,-0.3575000000000017
2020-08-17 09:36:22,67.05,87000.0,5806600.0,0.006999999999999999,67.05,67.0,1000.0,1000.0,66.742,0.902,-48.387,2.7710000000000004,66.72999999999998,67.07999999999996,-0.3499999999999801
2020-08-17 09:36:50,67.0,90500.0,6041100.0,0.008,67.05,66.95,7500.0,3500.0,66.752,0.902,-32.973,2.469,66.81999999999996,67.05999999999996,-0.23999999999999488
2020-08-17 09:38:08,67.0,99500.0,6644450.0,0.008,67.1,67.0,10500.0,2000.0,66.778,0.902,-44.443999999999996,2.374,66.89999999999998,67.03999999999995,-0.13999999999997215
2020-08-17 09:39:21,67.3,117500.0,7852500.0,0.01,67.35,67.3,500.0,1500.0,66.829,1.203,-74.79,2.324,67.00999999999998,67.03999999999995,-0.029999999999972715
2020-08-17 09:40:18,67.5,134000.0,8966025.0,0.011000000000000001,67.65,67.45,17000.0,5000.0,66.91,1.504,-50.769,2.6510000000000002,67.16999999999999,67.04999999999995,0.12000000000003297
2020-08-17 09:41:33,67.35,143000.0,9572700.0,0.012,67.45,67.35,1500.0,500.0,66.941,1.504,-67.273,2.552,67.22999999999999,67.05249999999995,0.17750000000003752
2020-08-17 09:42:45,67.8,210000.0,14102000.0,0.018000000000000002,67.8,67.75,9500.0,3000.0,67.152,1.955,-5.263,2.7689999999999997,67.38999999999999,67.07749999999996,0.3125000000000284
2020-08-17 09:43:57,67.75,211500.0,14203625.0,0.018000000000000002,67.8,67.7,17000.0,8000.0,67.156,1.955,8.711,3.2030000000000003,67.53999999999999,67.10749999999994,0.4325000000000472
2020-08-17 09:44:37,67.8,214300.0,14393170.0,0.018000000000000002,67.8,67.75,15000.0,1000.0,67.163,1.955,30.141,3.025,67.63999999999999,67.14249999999996,0.4975000000000307
2020-08-17 09:45:51,67.8,215800.0,14494845.0,0.018000000000000002,67.8,67.75,15000.0,1000.0,67.167,1.955,14.483,2.824,67.69999999999999,67.17749999999995,0.5225000000000364
2020-08-17 09:46:42,67.75,216300.0,14528720.0,0.018000000000000002,67.8,67.75,17500.0,2500.0,67.169,1.955,24.351999999999997,2.654,67.78,67.20999999999995,0.57000000000005
2020-08-17 09:46:42,67.75,218105.0,14651008.0,0.018000000000000002,67.8,67.75,18000.0,1000.0,67.17399999999999,1.955,6.289,2.514,67.77,67.24249999999996,0.5275000000000318
2020-08-17 09:49:21,67.9,238605.0,16041033.0,0.02,67.95,67.9,3500.0,9500.0,67.22800000000001,2.105,-38.938,2.386,67.8,67.28249999999997,0.5175000000000267
2020-08-17 09:50:18,68.0,252605.0,16992483.0,0.021,68.0,67.95,500.0,3000.0,67.268,2.256,-37.561,2.597,67.84,67.32749999999997,0.5125000000000313
2020-08-17 09:50:50,68.2,265105.0,17844033.0,0.022000000000000002,68.2,68.15,2500.0,2500.0,67.309,2.556,-66.438,2.585,67.91999999999999,67.38249999999998,0.5375000000000085
2020-08-17 09:52:37,68.4,305105.0,20576733.0,0.026,68.4,68.3,4000.0,5000.0,67.441,2.857,-62.909,2.802,68.05,67.44749999999999,0.6025000000000063
2020-08-17 09:53:16,68.35,321105.0,21670933.0,0.027000000000000003,68.35,68.3,500.0,5500.0,67.488,2.932,-61.172,2.84,68.17,67.5375,0.6325000000000074
2020-08-17 09:54:34,68.45,336105.0,22696833.0,0.028,68.45,68.4,3000.0,8500.0,67.528,2.932,-59.567,2.814,68.28,67.63,0.6500000000000057
2020-08-17 09:54:59,68.45,353605.0,23894158.0,0.03,68.5,68.45,68000.0,4500.0,67.57300000000001,2.932,-31.014,2.891,68.36999999999999,67.715,0.6549999999999869
2020-08-17 09:56:39,68.8,452605.0,30679583.0,0.038,68.85,68.55,4000.0,2500.0,67.78399999999999,3.459,-58.209,3.4360000000000004,68.49,67.82,0.6700000000000017
2020-08-17 09:57:54,68.55,472105.0,32014858.0,0.04,68.55,68.3,2000.0,2500.0,67.813,3.4589999999999996,-66.222,3.477,68.52000000000001,67.895,0.6250000000000142
2020-08-17 09:58:44,68.5,481605.0,32666008.0,0.04,68.55,68.5,500.0,34500.0,67.827,3.459,-27.341,3.482,68.55,67.97,0.5799999999999983
2020-08-17 09:59:59,68.65,496105.0,33659483.0,0.042,68.65,68.55,4500.0,3000.0,67.847,3.4589999999999996,-74.359,3.491,68.59,68.0525,0.5375000000000085
2020-08-17 10:00:57,68.6,500605.0,33968283.0,0.042,68.65,68.6,3000.0,1500.0,67.854,3.459,-67.078,3.39,68.61999999999999,68.11749999999999,0.5024999999999977
2020-08-17 10:02:11,68.75,523105.0,35515308.0,0.044000000000000004,68.75,68.7,2000.0,1500.0,67.893,3.4589999999999996,-68.61,3.352,68.60999999999999,68.17999999999999,0.4299999999999926
2020-08-17 10:03:21,68.85,545105.0,37028583.0,0.046,68.9,68.65,5500.0,4000.0,67.929,3.534,-68.473,3.389,68.66999999999999,68.255,0.41499999999999204
2020-08-17 10:04:11,68.7,555605.0,37749983.0,0.047,68.7,68.65,1000.0,4000.0,67.943,3.609,-65.766,3.3930000000000002,68.71,68.3,0.4099999999999966
2020-08-17 10:05:21,68.9,577105.0,39229458.0,0.049,68.9,68.8,1500.0,3000.0,67.976,3.609,-72.727,3.412,68.75999999999999,68.3575,0.4024999999999892
2020-08-17 10:06:25,69.1,658605.0,44849133.0,0.055,69.1,68.8,4000.0,8000.0,68.097,3.91,-58.852,3.378,68.85999999999999,68.4225,0.4374999999999858
2020-08-17 10:07:20,68.9,690105.0,47022333.0,0.058,69.05,68.75,4000.0,15000.0,68.137,3.91,-46.718,3.86,68.88999999999999,68.4775,0.4124999999999801
2020-08-17 10:08:51,68.85,691605.0,47125583.0,0.057999999999999996,68.85,68.75,3000.0,18000.0,68.139,3.91,12.675999999999998,3.75,68.88999999999999,68.5325,0.3574999999999875
2020-08-17 10:09:26,68.75,709105.0,48330058.0,0.06,68.85,68.7,4500.0,2000.0,68.156,3.91,-59.77,3.746,68.89999999999999,68.58250000000001,0.31749999999998124
2020-08-17 10:10:47,68.65,712105.0,48536133.0,0.06,68.7,68.6,3000.0,500.0,68.158,3.91,-75.796,3.657,68.85,68.62,0.22999999999998977
2020-08-17 10:12:02,68.4,714105.0,48673108.0,0.06,68.45,68.4,2000.0,500.0,68.15899999999999,3.91,-66.138,3.569,68.71,68.64000000000001,0.06999999999997897
2020-08-17 10:13:04,68.45,716105.0,48809933.0,0.06,68.45,68.35,14000.0,1000.0,68.16,3.91,-73.529,3.485,68.61999999999998,68.6525,-0.032500000000027285
2020-08-17 10:13:04,68.45,717105.0,48878383.0,0.06,68.45,68.4,14500.0,3000.0,68.16,3.91,-43.096,3.409,68.53999999999999,68.655,-0.1150000000000091
2020-08-17 10:15:02,68.4,718105.0,48946783.0,0.06,68.45,68.4,17500.0,2500.0,68.161,3.91,-45.082,3.3280000000000003,68.46999999999998,68.65750000000001,-0.18750000000002842
2020-08-17 10:15:02,68.4,718105.0,48946783.0,0.06,68.45,68.4,19500.0,3000.0,68.161,3.91,-59.82100000000001,3.2510000000000003,68.41999999999999,68.65500000000002,-0.23500000000002785
2020-08-17 10:17:11,68.45,718605.0,48981008.0,0.06,68.45,68.4,17500.0,5000.0,68.161,3.91,-13.48,3.178,68.42999999999998,68.65500000000002,-0.22500000000003695
2020-08-17 10:18:24,68.4,741105.0,50520858.0,0.062,68.45,68.4,5000.0,1500.0,68.169,3.91,-9.408,3.1860000000000004,68.41999999999997,68.63500000000002,-0.21500000000004604
2020-08-17 10:19:09,68.45,752105.0,51273258.0,0.063,68.45,68.4,12500.0,4500.0,68.173,3.91,-40.408,3.178,68.41999999999997,68.63000000000002,-0.2100000000000506
2020-08-17 10:19:09,68.45,752605.0,51307483.0,0.063,68.45,68.4,15000.0,8500.0,68.173,3.91,-41.86,3.145,68.42999999999998,68.62750000000003,-0.19750000000004775
2020-08-17 10:21:39,68.4,775605.0,52880308.0,0.065,68.45,68.4,9500.0,1000.0,68.179,3.91,-10.968,3.136,68.42999999999998,68.61500000000004,-0.18500000000005912
2020-08-17 10:22:46,68.4,785605.0,53564383.0,0.066,68.45,68.35,9500.0,7000.0,68.182,3.91,-42.75100000000001,3.1010000000000004,68.41999999999997,68.60500000000005,-0.18500000000007333
2020-08-17 10:22:46,68.4,786105.0,53598583.0,0.066,68.4,68.35,3500.0,5000.0,68.182,3.91,-43.93899999999999,3.051,68.41999999999999,68.58750000000005,-0.16750000000006082
2020-08-17 10:24:49,68.35,792605.0,54042883.0,0.067,68.4,68.3,5000.0,500.0,68.183,3.91,-54.15,3.015,68.39999999999999,68.56250000000004,-0.16250000000005116
2020-08-17 10:27:09,68.4,800605.0,54590058.0,0.067,68.4,68.35,3000.0,4000.0,68.186,3.91,-44.03,2.928,68.39,68.54750000000004,-0.1575000000000415
2020-08-17 10:28:55,68.35,801105.0,54624233.0,0.067,68.4,68.35,6000.0,12000.0,68.186,3.91,-40.836,2.821,68.38,68.52000000000004,-0.1400000000000432
2020-08-17 10:28:55,68.35,801105.0,54624233.0,0.067,68.4,68.35,6000.0,15500.0,68.186,3.91,-37.736,2.77,68.37,68.48250000000004,-0.11250000000003979
2020-08-17 10:31:39,68.4,807105.0,55034633.0,0.068,68.45,68.4,9500.0,10000.0,68.187,3.91,-34.513000000000005,2.72,68.37,68.45750000000004,-0.0875000000000341
2020-08-17 10:32:22,68.35,829105.0,56539033.0,0.07,68.4,68.35,6500.0,1500.0,68.192,3.91,-29.07,2.766,68.37,68.43250000000003,-0.06250000000002842
2020-08-17 10:32:22,68.35,829605.0,56573208.0,0.07,68.4,68.35,8000.0,4000.0,68.192,3.91,-49.007,2.72,68.36000000000001,68.41250000000004,-0.052500000000023306
2020-08-17 10:32:22,68.35,831605.0,56709908.0,0.07,68.4,68.35,29000.0,3500.0,68.193,3.91,-52.57100000000001,2.702,68.36000000000001,68.39750000000002,-0.037500000000008527
2020-08-17 10:32:22,68.35,832105.0,56744083.0,0.07,68.4,68.35,30000.0,4500.0,68.193,3.91,-30.788,2.659,68.36000000000001,68.39500000000001,-0.03499999999999659
2020-08-17 10:32:22,68.35,832105.0,56744083.0,0.07,68.4,68.35,31000.0,10000.0,68.193,3.91,-50.685,2.615,68.35000000000002,68.39000000000001,-0.03999999999999204
2020-08-17 10:32:22,68.35,832105.0,56744083.0,0.07,68.4,68.35,31000.0,11500.0,68.193,3.91,-49.864,2.573,68.35000000000002,68.385,-0.03499999999998238
2020-08-17 10:32:22,68.35,832105.0,56744083.0,0.07,68.4,68.35,31500.0,13500.0,68.193,3.91,-46.917,2.532,68.35000000000002,68.3825,-0.03249999999997044
2020-08-17 10:39:37,68.5,878105.0,59891358.0,0.07400000000000001,68.5,68.45,16000.0,15500.0,68.205,3.91,-30.205,2.627,68.38000000000002,68.38749999999999,-0.007499999999964757
2020-08-17 10:40:29,68.5,883605.0,60267842.0,0.07400000000000001,68.5,68.45,13000.0,19500.0,68.206,3.91,-25.22300000000001,2.605,68.41000000000001,68.38999999999999,0.020000000000024443
2020-08-17 10:40:29,68.5,884105.0,60302092.0,0.07400000000000001,68.5,68.45,12500.0,20500.0,68.206,3.91,-24.629,2.567,68.44000000000001,68.39499999999998,0.04500000000003013
2020-08-17 10:43:02,68.65,898105.0,61261367.0,0.075,68.65,68.6,7000.0,10000.0,68.211,3.91,-38.058,2.568,68.5,68.40499999999999,0.09500000000001307
2020-08-17 10:44:01,68.65,915605.0,62462767.0,0.077,68.7,68.65,10500.0,10500.0,68.22,3.91,-40.921,2.579,68.55999999999999,68.41499999999999,0.14499999999999602
2020-08-17 10:44:24,68.7,921105.0,62840617.0,0.077,68.7,68.65,7000.0,13000.0,68.223,3.91,-42.776,2.5580000000000003,68.6,68.42999999999998,0.17000000000001592
2020-08-17 10:44:24,68.7,927105.0,63252817.0,0.078,68.7,68.65,2000.0,14500.0,68.226,3.91,-45.507,2.5380000000000003,68.63999999999999,68.44499999999998,0.1950000000000074
2020-08-17 10:44:24,68.7,929105.0,63390217.0,0.078,68.75,68.7,5000.0,7500.0,68.227,3.91,-35.958,2.5069999999999997,68.67999999999998,68.45999999999998,0.21999999999999886
2020-08-17 10:47:42,68.75,930105.0,63458967.0,0.078,68.75,68.7,4500.0,25000.0,68.227,3.91,-34.184,2.491,68.69999999999997,68.47999999999999,0.21999999999998465
2020-08-17 10:47:42,68.75,933105.0,63665217.0,0.078,68.75,68.7,3500.0,26500.0,68.229,3.91,-26.5,2.459,68.71999999999998,68.49749999999997,0.2225000000000108
2020-08-17 10:50:37,68.8,941105.0,64215267.0,0.079,68.8,68.75,7500.0,33000.0,68.233,3.91,-13.716,2.434,68.73999999999998,68.51999999999998,0.21999999999999886
2020-08-17 10:50:37,68.8,941105.0,64215267.0,0.079,68.8,68.75,8000.0,2500.0,68.233,3.91,-33.531,2.419,68.75999999999999,68.54249999999999,0.21750000000000114
2020-08-17 10:52:54,68.8,960105.0,65522517.0,0.081,68.9,68.8,9500.0,5000.0,68.245,3.91,-36.088,2.419,68.78,68.56249999999997,0.21750000000002956
2020-08-17 10:52:54,68.8,966105.0,65935317.0,0.081,68.9,68.8,9500.0,28000.0,68.248,3.91,-20.387999999999998,2.4019999999999997,68.78999999999999,68.58499999999998,0.2050000000000125
2020-08-17 10:52:54,68.8,966105.0,65935317.0,0.081,68.9,68.8,11000.0,30500.0,68.248,3.91,-19.431,2.371,68.8,68.60749999999999,0.19250000000000966
2020-08-17 10:52:54,68.8,966105.0,65935317.0,0.081,68.9,68.8,10000.0,31000.0,68.248,3.91,-18.765,2.3409999999999997,68.8,68.62999999999998,0.17000000000001592
2020-08-17 10:52:54,68.8,966105.0,65935317.0,0.081,68.85,68.8,2500.0,31000.0,68.248,3.91,-16.827,2.312,68.8,68.65249999999999,0.14750000000000796
2020-08-17 10:52:54,68.8,966105.0,65935317.0,0.081,68.85,68.8,15000.0,1000.0,68.248,3.91,-21.719,2.283,68.8,68.67499999999998,0.1250000000000142
2020-08-17 10:59:52,68.75,970105.0,66210342.0,0.08199999999999999,68.8,68.75,9500.0,30500.0,68.25,3.91,-26.196,2.263,68.78999999999999,68.695,0.09499999999999886
2020-08-17 11:00:52,68.7,971105.0,66279067.0,0.08199999999999999,68.8,68.7,11000.0,16000.0,68.251,3.91,-44.648,2.239,68.77,68.7125,0.05749999999999034
2020-08-17 11:01:06,68.7,971105.0,66279067.0,0.08199999999999999,68.8,68.7,11000.0,16000.0,68.251,3.91,-43.316,2.212,68.74999999999999,68.7225,0.0274999999999892
2020-08-17 11:02:38,68.75,972605.0,66382192.0,0.08199999999999999,68.75,68.7,5000.0,48000.0,68.251,3.91,-19.34,2.189,68.73999999999998,68.735,0.004999999999981242
2020-08-17 11:02:38,68.75,974105.0,66485317.0,0.08199999999999999,68.75,68.7,4500.0,53000.0,68.252,3.91,-17.54,2.167,68.72999999999999,68.7475,-0.017500000000012506
2020-08-17 11:02:38,68.75,974105.0,66485317.0,0.08199999999999999,68.75,68.7,5000.0,53500.0,68.252,3.91,-17.567999999999998,2.142,68.72999999999999,68.7525,-0.022500000000007958
2020-08-17 11:02:38,68.75,977105.0,66691567.0,0.08199999999999999,68.75,68.7,2500.0,41500.0,68.25399999999999,3.91,-23.261,2.123,68.73999999999998,68.7575,-0.017500000000012506
2020-08-17 11:07:19,68.7,979105.0,66829042.0,0.08199999999999999,68.75,68.7,2500.0,43500.0,68.255,3.91,-23.721,2.103,68.73999999999998,68.7575,-0.017500000000012506
2020-08-17 11:07:56,68.8,984605.0,67207292.0,0.083,68.8,68.75,11500.0,2000.0,68.258,3.91,-27.317,2.093,68.74999999999999,68.76249999999999,-0.012500000000002842
2020-08-17 11:07:56,68.8,986105.0,67310467.0,0.083,68.8,68.75,13000.0,3000.0,68.258,3.91,-29.691,2.082,68.75999999999999,68.76749999999998,-0.007499999999993179
2020-08-17 11:07:56,68.8,987105.0,67379267.0,0.083,68.8,68.75,12500.0,4000.0,68.259,3.91,-27.711,2.062,68.77,68.76999999999998,1.4210854715202004e-14
2020-08-17 11:10:56,68.8,989605.0,67551242.0,0.083,68.8,68.75,13500.0,3000.0,68.26,3.91,-30.0,2.046,68.78,68.77249999999998,0.0075000000000216005
2020-08-17 11:18:15,68.75,1014105.0,69235755.0,0.085,68.8,68.75,9500.0,6000.0,68.27199999999999,3.91,-27.404,1.921,68.78999999999999,68.76999999999998,0.020000000000010232
2020-08-17 11:20:55,68.8,1018105.0,69510942.0,0.086,68.8,68.75,6000.0,12500.0,68.274,3.91,-21.881999999999998,1.891,68.78999999999999,68.76999999999998,0.020000000000010232
2020-08-17 11:20:55,68.8,1019105.0,69579742.0,0.086,68.8,68.75,5000.0,11000.0,68.275,3.91,-21.905,1.872,68.78999999999999,68.76999999999998,0.020000000000010232
2020-08-17 11:20:55,68.8,1020605.0,69682942.0,0.086,68.8,68.75,6500.0,9500.0,68.27600000000001,3.91,-23.628,1.858,68.78999999999999,68.76999999999998,0.020000000000010232
2020-08-17 11:25:53,68.8,1022605.0,69820492.0,0.086,68.8,68.75,11500.0,7500.0,68.277,3.91,-24.88,1.845,68.78999999999999,68.76999999999998,0.020000000000010232
2020-08-17 11:27:04,68.75,1027105.0,70129917.0,0.086,68.8,68.75,15000.0,2500.0,68.279,3.91,-32.075,1.83,68.78999999999999,68.76749999999998,0.022500000000007958
2020-08-17 11:27:04,68.75,1028105.0,70198680.0,0.086,68.8,68.75,17000.0,3500.0,68.279,3.91,-30.374,1.82,68.78,68.76499999999999,0.01500000000001478
2020-08-17 11:28:51,68.75,1031105.0,70404980.0,0.087,68.8,68.75,14000.0,1000.0,68.281,3.91,-34.928000000000004,1.8090000000000002,68.77,68.76249999999999,0.00750000000000739
2020-08-17 11:30:06,68.5,1058605.0,72293355.0,0.08900000000000001,68.6,68.45,12500.0,1000.0,68.291,3.91,-53.988,1.84,68.71,68.74999999999999,-0.03999999999999204
2020-08-17 11:30:06,68.5,1058605.0,72293355.0,0.08900000000000001,68.5,68.4,9500.0,6500.0,68.291,3.91,-29.87,1.8230000000000002,68.64999999999999,68.73999999999998,-0.0899999999999892
2020-08-17 11:30:06,68.5,1061605.0,72498855.0,0.08900000000000001,68.5,68.4,7000.0,2000.0,68.291,3.91,-27.753,1.812,68.6,68.72999999999999,-0.12999999999999545
2020-08-17 11:33:07,68.45,1069605.0,73046080.0,0.09,68.5,68.35,8000.0,2500.0,68.292,3.91,-25.105999999999998,1.81,68.53999999999999,68.71499999999999,-0.17499999999999716
2020-08-17 11:33:57,68.4,1074105.0,73353880.0,0.09,68.45,68.35,5500.0,9000.0,68.293,3.91,-36.102,1.801,68.46999999999998,68.69749999999999,-0.22750000000000625
2020-08-17 11:35:48,68.45,1084105.0,74037430.0,0.091,68.45,68.3,9000.0,7500.0,68.293,3.91,-41.975,1.8019999999999998,68.45999999999998,68.68249999999999,-0.2225000000000108
2020-08-17 11:35:48,68.45,1084105.0,74037430.0,0.091,68.45,68.3,10000.0,8500.0,68.293,3.91,-43.027,1.786,68.44999999999997,68.66749999999999,-0.21750000000001535
2020-08-17 11:35:48,68.45,1085605.0,74140105.0,0.091,68.45,68.35,9000.0,1000.0,68.293,3.91,-45.455,1.7730000000000001,68.43999999999997,68.655,-0.21500000000003183
2020-08-17 11:38:21,68.35,1086105.0,74174280.0,0.091,68.45,68.35,10000.0,1000.0,68.293,3.91,-45.994,1.759,68.41999999999997,68.6325,-0.2125000000000199
2020-08-17 11:38:21,68.35,1086105.0,74174280.0,0.091,68.45,68.35,10000.0,4000.0,68.293,3.91,-42.857,1.744,68.40999999999997,68.60999999999999,-0.20000000000001705
2020-08-17 11:38:21,68.35,1086105.0,74174280.0,0.091,68.45,68.35,10500.0,4500.0,68.293,3.91,-44.50899999999999,1.737,68.38999999999997,68.58749999999999,-0.19750000000001933
2020-08-17 11:42:21,68.5,1095605.0,74824605.0,0.092,68.5,68.45,19500.0,500.0,68.295,3.91,-10.695,1.722,68.39999999999998,68.57249999999999,-0.17250000000001364
2020-08-17 11:42:21,68.5,1097605.0,74961605.0,0.092,68.5,68.45,19500.0,3000.0,68.295,3.91,-36.909,1.723,68.40999999999998,68.55999999999999,-0.15000000000000568
2020-08-17 11:42:21,68.5,1097605.0,74961605.0,0.092,68.5,68.45,19500.0,5000.0,68.295,3.91,-38.226,1.712,68.43999999999998,68.54499999999999,-0.10500000000000398
2020-08-17 11:42:21,68.5,1097605.0,74961605.0,0.092,68.5,68.45,21000.0,5500.0,68.295,3.91,-14.428,1.6909999999999998,68.46999999999998,68.53,-0.060000000000016485
2020-08-17 11:42:21,68.5,1097605.0,74961605.0,0.092,68.5,68.45,20000.0,9000.0,68.295,3.91,-34.513000000000005,1.6780000000000002,68.49999999999997,68.515,-0.01500000000002899
2020-08-17 11:42:21,68.5,1097605.0,74961605.0,0.092,68.5,68.45,20000.0,10000.0,68.295,3.91,-34.118,1.671,68.49999999999997,68.5,-2.842170943040401e-14
2020-08-17 11:42:21,68.5,1097605.0,74961605.0,0.092,68.5,68.45,20500.0,10500.0,68.295,3.91,-33.528,1.6580000000000001,68.49999999999997,68.4875,0.01249999999997442
2020-08-17 11:42:21,68.5,1097605.0,74961605.0,0.092,68.5,68.45,20500.0,10500.0,68.295,3.91,-33.918,1.645,68.49999999999997,68.475,0.024999999999977263
2020-08-17 11:50:57,68.5,1106605.0,75578080.0,0.09300000000000001,68.5,68.45,13000.0,12500.0,68.297,3.91,-34.177,1.632,68.49999999999997,68.4625,0.037499999999965894
2020-08-17 11:50:57,68.5,1107605.0,75646578.0,0.093,68.5,68.45,12500.0,11000.0,68.297,3.91,-35.647,1.634,68.49999999999997,68.4625,0.037499999999965894
2020-08-17 11:50:57,68.5,1107605.0,75646578.0,0.09300000000000001,68.5,68.45,12500.0,11500.0,68.297,3.91,-32.075,1.621,68.49999999999997,68.4625,0.037499999999965894
2020-08-17 11:50:57,68.5,1107605.0,75646578.0,0.093,68.5,68.45,12500.0,12000.0,68.297,3.91,-32.075,1.609,68.49999999999997,68.4625,0.037499999999965894
2020-08-17 11:50:57,68.5,1107605.0,75646578.0,0.09300000000000001,68.5,68.45,10000.0,12500.0,68.297,3.91,-31.474,1.597,68.49999999999997,68.465,0.03499999999996817
2020-08-17 11:50:57,68.5,1108105.0,75680828.0,0.093,68.5,68.45,10000.0,12000.0,68.297,3.91,-32.0,1.585,68.49999999999997,68.47,0.029999999999972715
2020-08-17 11:50:57,68.5,1108105.0,75680828.0,0.09300000000000001,68.5,68.45,10000.0,12000.0,68.297,3.91,-29.166999999999998,1.574,68.49999999999997,68.4725,0.02749999999997499
2020-08-17 11:58:41,68.6,1124105.0,76777278.0,0.094,68.7,68.6,3500.0,7500.0,68.3,3.91,-71.242,1.5630000000000002,68.51999999999998,68.47999999999999,0.03999999999999204
2020-08-17 11:59:05,68.65,1126605.0,76948978.0,0.095,68.7,68.6,5500.0,6500.0,68.301,3.91,-73.377,1.5759999999999998,68.54999999999998,68.48999999999998,0.060000000000002274
2020-08-17 13:00:07,68.65,1140105.0,77875378.0,0.096,68.7,68.6,8500.0,3500.0,68.305,3.91,-70.501,1.582,68.57999999999997,68.505,0.07499999999997442
2020-08-17 13:01:32,68.7,1153605.0,78802878.0,0.09699999999999999,68.75,68.65,4000.0,9500.0,68.31,3.91,-63.533,1.589,68.61999999999998,68.52250000000001,0.09749999999996817
2020-08-17 13:01:32,68.7,1153605.0,78802878.0,0.097,68.75,68.65,5500.0,4000.0,68.31,3.91,-68.605,1.577,68.65999999999997,68.54,0.11999999999996191
2020-08-17 13:01:32,68.7,1153605.0,78802878.0,0.09699999999999999,68.75,68.7,6500.0,7500.0,68.31,3.91,-58.747,1.5659999999999998,68.67999999999998,68.55000000000001,0.12999999999996703
2020-08-17 13:05:01,68.8,1163605.0,79490403.0,0.098,68.8,68.75,14500.0,12000.0,68.313,3.91,-61.905,1.565,68.70999999999997,68.56500000000001,0.1449999999999534
2020-08-17 13:05:39,68.6,1180105.0,80624103.0,0.099,68.7,68.6,9000.0,1000.0,68.319,3.91,-78.393,1.585,68.69999999999997,68.57000000000001,0.12999999999996703
2020-08-17 13:05:39,68.6,1183105.0,80829903.0,0.099,68.65,68.5,15000.0,1000.0,68.32,3.91,-76.471,1.574,68.67999999999998,68.575,0.10499999999997556
2020-08-17 13:05:39,68.6,1183105.0,80829903.0,0.099,68.65,68.5,19000.0,6500.0,68.32,3.91,-74.811,1.567,68.65999999999998,68.58,0.07999999999998408
2020-08-17 13:05:39,68.6,1183105.0,80829903.0,0.099,68.65,68.5,20000.0,8000.0,68.32,3.91,-73.632,1.556,68.63999999999997,68.585,0.0549999999999784
2020-08-17 13:11:00,68.55,1185605.0,81001178.0,0.1,68.6,68.5,12500.0,8000.0,68.32,3.91,-52.26300000000001,1.538,68.58999999999997,68.58749999999999,0.0024999999999835154
2020-08-17 13:12:01,68.5,1189105.0,81240928.0,0.1,68.6,68.5,12500.0,4500.0,68.321,3.91,-56.78,1.5319999999999998,68.56999999999998,68.58749999999999,-0.017500000000012506
2020-08-17 13:12:01,68.5,1192105.0,81446428.0,0.1,68.6,68.5,12500.0,7500.0,68.321,3.91,-52.26300000000001,1.526,68.54999999999998,68.58749999999999,-0.037500000000008527
2020-08-17 13:12:01,68.5,1194105.0,81583428.0,0.1,68.6,68.5,10500.0,8000.0,68.321,3.91,-50.21100000000001,1.518,68.52999999999997,68.58749999999999,-0.05750000000001876
2020-08-17 13:15:30,68.55,1199105.0,81926103.0,0.10099999999999999,68.55,68.5,10000.0,3500.0,68.322,3.91,-63.38,1.5130000000000001,68.51999999999998,68.58999999999999,-0.07000000000000739
2020-08-17 13:16:00,68.5,1200605.0,82028853.0,0.101,68.55,68.5,10000.0,7500.0,68.322,3.91,-56.164,1.509,68.50999999999998,68.58999999999999,-0.0800000000000125
2020-08-17 13:17:38,68.6,1220605.0,83400303.0,0.10300000000000001,68.65,68.6,7000.0,500.0,68.327,3.91,-48.803999999999995,1.5190000000000001,68.52999999999997,68.59499999999998,-0.06500000000001194
2020-08-17 13:18:01,68.6,1221605.0,83468928.0,0.103,68.6,68.55,7000.0,6000.0,68.327,3.91,-54.745,1.516,68.54999999999998,68.59999999999998,-0.04999999999999716
2020-08-17 13:19:00,68.55,1225105.0,83708853.0,0.10300000000000001,68.6,68.55,7500.0,6000.0,68.327,3.91,-54.348,1.51,68.55999999999997,68.60249999999998,-0.04250000000000398
2020-08-17 13:20:54,68.6,1234605.0,84360103.0,0.104,68.6,68.5,7500.0,8500.0,68.329,3.91,-60.448,1.511,68.56999999999996,68.60249999999998,-0.032500000000013074
2020-08-17 13:21:09,68.55,1236605.0,84497128.0,0.10400000000000001,68.6,68.55,9000.0,500.0,68.329,3.91,-60.573,1.505,68.57999999999997,68.59749999999997,-0.017499999999998295
2020-08-17 13:22:30,68.45,1249605.0,85387578.0,0.105,68.55,68.45,9500.0,4000.0,68.331,3.91,-59.41,1.509,68.54999999999998,68.58749999999996,-0.037499999999980105
2020-08-17 13:23:09,68.5,1251105.0,85490328.0,0.105,68.55,68.45,9500.0,1000.0,68.331,3.91,-58.824,1.5030000000000001,68.52999999999997,68.57749999999996,-0.04749999999998522
2020-08-17 13:24:59,68.45,1253605.0,85661478.0,0.105,68.5,68.45,9000.0,2500.0,68.332,3.91,-52.8,1.499,68.50999999999996,68.56499999999997,-0.05500000000000682
2020-08-17 13:26:00,68.45,1257605.0,85935303.0,0.106,68.5,68.4,10500.0,2000.0,68.332,3.91,-57.551,1.494,68.47999999999998,68.55249999999997,-0.0724999999999909
2020-08-17 13:26:00,68.45,1258105.0,85969528.0,0.106,68.45,68.4,8500.0,4000.0,68.332,3.91,-36.364,1.4880000000000002,68.45999999999997,68.53499999999997,-0.07500000000000284
2020-08-17 13:26:00,68.45,1264605.0,86414453.0,0.106,68.45,68.4,4500.0,10000.0,68.333,3.91,-21.386999999999997,1.4869999999999999,68.45999999999997,68.52749999999997,-0.06750000000000966
2020-08-17 13:29:15,68.45,1265605.0,86482878.0,0.106,68.45,68.4,5500.0,11500.0,68.333,3.91,-18.681,1.4780000000000002,68.44999999999996,68.51999999999998,-0.0700000000000216
2020-08-17 13:30:00,68.5,1268105.0,86654053.0,0.107,68.5,68.45,5000.0,13500.0,68.333,3.91,-32.686,1.473,68.45999999999997,68.51499999999999,-0.05500000000002103
2020-08-17 13:31:29,68.45,1285605.0,87852053.0,0.108,68.5,68.45,3000.0,500.0,68.335,3.91,-46.043,1.465,68.45999999999997,68.5075,-0.04750000000002785
2020-08-17 13:31:40,68.5,1286105.0,87886303.0,0.10800000000000001,68.5,68.45,3500.0,2500.0,68.335,3.91,-39.31,1.475,68.46999999999997,68.505,-0.03500000000002501
2020-08-17 13:33:34,68.65,1300105.0,88846103.0,0.109,68.7,68.55,2500.0,4000.0,68.337,3.91,-59.135,1.477,68.50999999999998,68.5125,-0.002500000000026148
2020-08-17 13:34:09,68.7,1304605.0,89155378.0,0.11,68.75,68.7,4000.0,2500.0,68.33800000000001,3.91,-76.142,1.479,68.55999999999997,68.52250000000001,0.037499999999965894
2020-08-17 13:35:41,68.7,1309605.0,89498903.0,0.11,68.7,68.65,5500.0,4000.0,68.34,3.91,-72.152,1.471,68.59999999999998,68.5325,0.06749999999998124
2020-08-17 13:35:41,68.7,1312605.0,89705003.0,0.11,68.7,68.65,5000.0,6000.0,68.34100000000001,3.91,-70.918,1.47,68.64999999999998,68.54,0.10999999999997101
2020-08-17 13:35:41,68.7,1318105.0,90082853.0,0.111,68.7,68.65,4000.0,8500.0,68.342,3.91,-68.342,1.463,68.68999999999997,68.55000000000001,0.13999999999995794
2020-08-17 13:38:52,68.8,1324605.0,90529578.0,0.111,68.8,68.75,25000.0,2500.0,68.344,3.91,-72.906,1.4669999999999999,68.71999999999998,68.56000000000002,0.15999999999996817
2020-08-17 13:38:52,68.8,1324605.0,90529578.0,0.111,68.8,68.75,26000.0,3500.0,68.344,3.91,-71.77600000000002,1.4580000000000002,68.73999999999998,68.57000000000002,0.16999999999995907
2020-08-17 13:40:13,68.75,1328605.0,90804578.0,0.11199999999999999,68.8,68.7,28500.0,4000.0,68.345,3.91,-71.77,1.454,68.74999999999999,68.58000000000001,0.16999999999997328
2020-08-17 13:41:51,68.8,1333105.0,91114128.0,0.112,68.8,68.7,24500.0,8500.0,68.347,3.91,-68.075,1.454,68.77,68.59000000000002,0.1799999999999784
2020-08-17 13:43:05,68.75,1335105.0,91251703.0,0.11199999999999999,68.8,68.75,23000.0,1500.0,68.347,3.91,-60.81100000000001,1.4469999999999998,68.78,68.60000000000002,0.1799999999999784
2020-08-17 13:43:32,68.8,1336605.0,91354903.0,0.112,68.8,68.75,26000.0,4000.0,68.348,3.91,-60.965,1.4409999999999998,68.78,68.61750000000002,0.1624999999999801
2020-08-17 13:43:32,68.8,1337105.0,91389303.0,0.11199999999999999,68.8,68.75,27000.0,4500.0,68.348,3.91,-56.394,1.4340000000000002,68.78,68.63250000000002,0.14749999999997954
2020-08-17 13:43:32,68.8,1337605.0,91423703.0,0.112,68.8,68.75,29000.0,4500.0,68.348,3.91,-60.338,1.4269999999999998,68.78999999999999,68.65,0.13999999999998636
2020-08-17 13:46:44,68.75,1356105.0,92695228.0,0.114,68.75,68.7,15500.0,27000.0,68.354,3.91,-53.629,1.439,68.78,68.665,0.11499999999999488
2020-08-17 13:47:42,68.7,1358105.0,92832628.0,0.114,68.75,68.7,15500.0,28000.0,68.354,3.91,-51.515,1.433,68.77,68.67750000000001,0.09249999999998693
2020-08-17 13:47:42,68.7,1358105.0,92832628.0,0.114,68.75,68.7,14000.0,33500.0,68.354,3.91,-41.985,1.425,68.74999999999999,68.69000000000001,0.05999999999997385
2020-08-17 13:49:49,68.8,1378105.0,94207928.0,0.116,68.8,68.75,14000.0,19000.0,68.36,3.91,-40.695,1.4380000000000002,68.74999999999999,68.70750000000001,0.04249999999997556
2020-08-17 13:49:49,68.8,1378105.0,94207928.0,0.11599999999999999,68.8,68.75,15500.0,16000.0,68.36,3.91,-41.321999999999996,1.43,68.74999999999999,68.7225,0.0274999999999892
2020-08-17 13:52:35,68.75,1378605.0,94242303.0,0.116,68.8,68.75,14500.0,17000.0,68.36,3.91,-40.787,1.423,68.74999999999999,68.7375,0.012499999999988631
2020-08-17 13:52:35,68.75,1378605.0,94242303.0,0.11599999999999999,68.8,68.75,16000.0,19500.0,68.36,3.91,-36.095,1.415,68.75999999999999,68.75,0.009999999999990905
2020-08-17 13:54:12,68.8,1379605.0,94311103.0,0.116,68.8,68.75,15500.0,27500.0,68.36,3.91,-33.592,1.408,68.78,68.7575,0.022500000000007958
2020-08-17 13:54:12,68.8,1384105.0,94620691.0,0.11599999999999999,68.8,68.75,15000.0,32500.0,68.362,3.91,-33.855,1.405,68.78,68.76249999999999,0.017500000000012506
2020-08-17 13:54:12,68.8,1386605.0,94792691.0,0.117,68.8,68.75,13000.0,31000.0,68.363,3.91,-35.729,1.4,68.78,68.76749999999998,0.012500000000017053
2020-08-17 13:58:14,68.8,1392605.0,95205416.0,0.11699999999999999,68.8,68.75,9000.0,31500.0,68.36399999999999,3.91,-28.932,1.3980000000000001,68.78999999999999,68.77249999999998,0.017500000000012506
2020-08-17 13:59:18,68.9,1425605.0,97477991.0,0.12,68.95,68.85,5500.0,10500.0,68.376,3.91,-57.245,1.412,68.82000000000001,68.78249999999998,0.03750000000002274
2020-08-17 13:59:20,68.95,1434105.0,98064066.0,0.121,69.0,68.85,16500.0,12000.0,68.37899999999999,3.91,-54.585,1.426,68.85,68.78999999999999,0.060000000000002274
2020-08-17 14:00:55,69.0,1438605.0,98374497.0,0.121,69.0,68.95,14000.0,9000.0,68.381,3.91,-58.108,1.423,68.89,68.79999999999998,0.09000000000001762
2020-08-17 14:00:55,69.0,1439605.0,98443497.0,0.121,69.0,68.95,18500.0,8500.0,68.382,3.91,-59.645,1.42,68.92999999999999,68.81249999999999,0.11750000000000682
2020-08-17 14:02:52,69.0,1453105.0,99374147.0,0.122,69.0,68.9,18500.0,6000.0,68.387,3.91,-60.62600000000001,1.426,68.97,68.82249999999999,0.14750000000000796
2020-08-17 14:03:59,68.95,1455605.0,99546647.0,0.122,68.95,68.9,8500.0,6500.0,68.388,3.91,-56.916000000000004,1.421,68.97999999999999,68.8325,0.14749999999999375
2020-08-17 14:03:59,68.95,1455605.0,99546647.0,0.122,68.95,68.9,13500.0,6500.0,68.388,3.91,-58.667,1.414,68.97999999999999,68.84,0.13999999999998636
2020-08-17 14:06:17,68.9,1463605.0,100097847.0,0.12300000000000001,68.9,68.85,18000.0,15000.0,68.391,3.91,-56.667,1.415,68.96,68.845,0.11499999999999488
2020-08-17 14:07:25,68.65,1485105.0,101577572.0,0.125,68.65,68.6,13000.0,3500.0,68.39699999999999,3.91,-64.26899999999999,1.426,68.88999999999999,68.8375,0.05249999999998067
2020-08-17 14:08:46,68.65,1492605.0,102092097.0,0.125,68.65,68.5,14000.0,2500.0,68.398,3.91,-68.825,1.426,68.81999999999998,68.83250000000001,-0.012500000000031264
2020-08-17 14:09:31,68.6,1495105.0,102263597.0,0.126,68.6,68.5,8000.0,2000.0,68.398,3.91,-49.58,1.421,68.74999999999999,68.82750000000001,-0.07750000000002899
2020-08-17 14:10:40,68.55,1495605.0,102297872.0,0.126,68.6,68.5,9000.0,3500.0,68.398,3.91,-46.185,1.4169999999999998,68.66999999999999,68.82000000000001,-0.1500000000000199
