update_time,last_price,volume,turnover,turnover_rate,ask_price,bid_price,ask_vol,bid_vol,avg_price,amplitude,bid_ask_ratio,volume_ratio,MA5,MA20,MA diff
2020-08-13 13:41:05,20.05,1858545.0,37205093.0,0.041,20.05,20.0,49000.0,36000.0,20.018,3.188,-14.646,0.6920000000000001,,,
2020-08-13 13:45:18,20.05,1874545.0,37525843.0,0.042,20.05,20.0,40000.0,53000.0,20.018,3.188,-12.054,0.693,,,
2020-08-13 13:46:29,20.0,1884545.0,37725843.0,0.042,20.05,20.0,41000.0,38000.0,20.018,3.188,-13.922,0.69,,,
2020-08-13 13:47:15,20.05,1887545.0,37785943.0,0.042,20.05,20.0,39000.0,40000.0,20.018,3.188,-13.837,0.691,,,
2020-08-13 13:48:30,20.05,1890545.0,37845993.0,0.042,20.05,20.0,65000.0,39000.0,20.018,3.188,-14.286,0.688,20.04,,
2020-08-13 13:49:05,20.0,1891545.0,37865993.0,0.042,20.05,20.0,45000.0,41000.0,20.018,3.188,-14.064,0.687,20.03,,
2020-08-13 13:50:40,20.05,1893545.0,37906043.0,0.042,20.05,20.0,42000.0,44000.0,20.018,3.188,-13.729,0.6829999999999999,20.03,,
2020-08-13 13:51:42,20.0,1894545.0,37926043.0,0.042,20.05,20.0,42000.0,56000.0,20.018,3.188,-12.331,0.68,20.03,,
2020-08-13 13:52:23,20.05,1897545.0,37986193.0,0.042,20.05,20.0,63000.0,48000.0,20.018,3.188,-17.422,0.677,20.03,,
2020-08-13 13:52:23,20.05,1903545.0,38106493.0,0.042,20.05,20.0,57000.0,56000.0,20.018,3.188,-12.5,0.6759999999999999,20.03,,
2020-08-13 13:52:23,20.05,1903545.0,38106493.0,0.042,20.05,20.0,61000.0,41000.0,20.018,3.188,-14.116,0.6729999999999999,20.04,,
2020-08-13 13:52:23,20.05,1904545.0,38126543.0,0.042,20.05,20.0,69000.0,41000.0,20.018,3.188,-14.956,0.67,20.04,,
2020-08-13 13:52:23,20.05,1914545.0,38327043.0,0.043,20.05,20.0,60000.0,42000.0,20.018,3.188,-16.266,0.67,20.05,,
2020-08-13 13:57:32,20.05,1917545.0,38387143.0,0.043,20.05,20.0,59000.0,41000.0,20.018,3.188,-16.441,0.667,20.05,,
2020-08-13 13:57:32,20.05,1918545.0,38407193.0,0.043,20.05,20.0,33000.0,69000.0,20.018,3.188,-12.937,0.664,20.05,,
2020-08-13 13:57:32,20.05,1926545.0,38567593.0,0.043,20.05,20.0,41000.0,39000.0,20.019000000000002,3.188,-16.730999999999998,0.6629999999999999,20.05,,
2020-08-13 14:00:57,20.0,1927545.0,38587593.0,0.043,20.05,20.0,42000.0,59000.0,20.019,3.188,-14.393,0.6609999999999999,20.04,,
2020-08-13 14:02:00,20.0,1932545.0,38687793.0,0.043,20.05,20.0,51000.0,39000.0,20.019000000000002,3.188,-17.412,0.66,20.03,,
2020-08-13 14:02:00,20.0,1933545.0,38707793.0,0.043,20.05,20.0,52000.0,40000.0,20.019,3.188,-17.379,0.657,20.020000000000003,,
2020-08-13 14:03:43,20.05,1938545.0,38808043.0,0.043,20.05,20.0,46000.0,39000.0,20.019000000000002,3.188,-17.017,0.654,20.020000000000003,20.035000000000004,-0.015000000000000568
2020-08-13 14:05:05,20.0,1941545.0,38868143.0,0.043,20.05,20.0,46000.0,52000.0,20.019,3.188,-15.392,0.653,20.01,20.032500000000006,-0.022500000000004405
2020-08-13 14:05:45,20.05,1943545.0,38908243.0,0.043,20.05,20.0,46000.0,52000.0,20.019000000000002,3.188,-16.288,0.65,20.020000000000003,20.032500000000006,-0.012500000000002842
2020-08-13 14:05:45,20.05,1946545.0,38968393.0,0.043,20.05,20.0,44000.0,51000.0,20.019,3.188,-15.909,0.648,20.03,20.035000000000004,-0.005000000000002558
2020-08-13 14:05:45,20.05,1947545.0,38988443.0,0.043,20.05,20.0,44000.0,51000.0,20.019000000000002,3.188,-15.69,0.645,20.04,20.035000000000004,0.0049999999999954525
2020-08-13 14:09:25,20.05,1957545.0,39188893.0,0.044,20.05,20.0,36000.0,49000.0,20.019,3.188,-15.186,0.645,20.04,20.035000000000004,0.0049999999999954525
2020-08-13 14:10:27,20.0,1958545.0,39208893.0,0.044000000000000004,20.05,20.0,43000.0,78000.0,20.019000000000002,3.188,-12.213,0.643,20.04,20.035000000000004,0.0049999999999954525
2020-08-13 14:11:35,20.05,1963545.0,39309093.0,0.044,20.05,20.0,41000.0,48000.0,20.019,3.188,-15.232,0.6409999999999999,20.04,20.035000000000004,0.0049999999999954525
2020-08-13 14:12:32,20.05,1967545.0,39389243.0,0.044000000000000004,20.05,20.0,38000.0,68000.0,20.019000000000002,3.188,-12.954,0.639,20.04,20.037500000000005,0.0024999999999941735
2020-08-13 14:13:15,20.05,1975545.0,39549593.0,0.044,20.05,20.0,43000.0,50000.0,20.019,3.188,-15.501,0.639,20.04,20.037500000000005,0.0024999999999941735
2020-08-13 14:13:15,20.05,1976545.0,39569643.0,0.044000000000000004,20.05,20.0,44000.0,50000.0,20.019000000000002,3.188,-15.363,0.637,20.04,20.037500000000005,0.0024999999999941735
2020-08-13 14:15:36,20.05,1981545.0,39669843.0,0.044,20.05,20.0,44000.0,68000.0,20.019,3.188,-13.809,0.635,20.05,20.037500000000005,0.012499999999995737
2020-08-13 14:16:47,20.05,1984545.0,39729943.0,0.044000000000000004,20.05,20.0,43000.0,74000.0,20.019000000000002,3.188,-12.811,0.633,20.05,20.037500000000005,0.012499999999995737
2020-08-13 14:17:36,20.05,1988545.0,39810093.0,0.044,20.05,20.0,44000.0,74000.0,20.019,3.188,-12.731,0.632,20.05,20.037500000000005,0.012499999999995737
2020-08-13 14:18:47,20.05,1994545.0,39930343.0,0.044000000000000004,20.05,20.0,52000.0,71000.0,20.019000000000002,3.188,-13.866,0.63,20.05,20.037500000000005,0.012499999999995737
2020-08-13 14:19:43,20.0,2011545.0,40270493.0,0.045,20.05,20.0,53000.0,59000.0,20.019,3.188,-15.028,0.633,20.04,20.035000000000004,0.0049999999999954525
2020-08-13 14:20:37,20.05,2014545.0,40330593.0,0.045,20.05,20.0,76000.0,51000.0,20.019000000000002,3.188,-17.410999999999998,0.632,20.04,20.035000000000004,0.0049999999999954525
2020-08-13 14:20:37,20.05,2014545.0,40330593.0,0.045,20.05,20.0,88000.0,45000.0,20.019,3.188,-19.561,0.629,20.04,20.037500000000005,0.0024999999999941735
2020-08-13 14:22:26,20.05,2020545.0,40450793.0,0.045,20.05,20.0,81000.0,58000.0,20.019000000000002,3.188,-17.423,0.628,20.04,20.040000000000006,-7.105427357601002e-15
2020-08-13 14:22:26,20.05,2024545.0,40530993.0,0.045,20.05,20.0,81000.0,140000.0,20.019,3.188,-9.354,0.625,20.04,20.042500000000008,-0.0025000000000083844
2020-08-13 14:22:26,20.05,2024545.0,40530993.0,0.045,20.05,20.0,85000.0,168000.0,20.019000000000002,3.188,-7.426,0.623,20.05,20.042500000000008,0.007499999999993179
2020-08-13 14:22:26,20.05,2027545.0,40591143.0,0.045,20.05,20.0,91000.0,178000.0,20.019,3.188,-6.874,0.621,20.05,20.04500000000001,0.0049999999999919
2020-08-13 14:22:26,20.05,2032545.0,40691393.0,0.045,20.05,20.0,88000.0,182000.0,20.019000000000002,3.188,-6.688,0.62,20.05,20.04500000000001,0.0049999999999919
2020-08-13 14:28:15,20.05,2037545.0,40791593.0,0.045,20.05,20.0,84000.0,177000.0,20.019,3.188,-6.82,0.618,20.05,20.04500000000001,0.0049999999999919
2020-08-13 14:29:19,20.05,2048545.0,41012093.0,0.046,20.05,20.0,90000.0,183000.0,20.02,3.188,-6.678,0.619,20.05,20.04500000000001,0.0049999999999919
2020-08-13 14:29:19,20.05,2053555.0,41112543.0,0.046,20.05,20.0,75000.0,217000.0,20.02,3.188,-1.929,0.618,20.05,20.04500000000001,0.0049999999999919
2020-08-13 14:29:19,20.05,2054555.0,41132543.0,0.046,20.05,20.0,76000.0,217000.0,20.02,3.188,-2.008,0.616,20.05,20.047500000000007,0.0024999999999941735
2020-08-13 14:29:19,20.05,2058555.0,41212743.0,0.046,20.05,20.0,71000.0,218000.0,20.02,3.188,-1.449,0.614,20.05,20.047500000000007,0.0024999999999941735
2020-08-13 14:29:19,20.05,2063255.0,41306803.0,0.046,20.05,20.0,68000.0,215000.0,20.02,3.188,-1.538,0.613,20.05,20.047500000000007,0.0024999999999941735
2020-08-13 14:29:19,20.05,2077255.0,41587503.0,0.046,20.05,20.0,54000.0,213000.0,20.02,3.188,-0.904,0.613,20.05,20.047500000000007,0.0024999999999941735
2020-08-13 14:34:43,20.15,2251255.0,45075503.0,0.05,20.15,20.1,63000.0,84000.0,20.022000000000002,3.188,-15.152000000000001,0.6629999999999999,20.07,20.052500000000006,0.017499999999994742
2020-08-13 14:34:43,20.15,2252255.0,45095653.0,0.05,20.15,20.1,63000.0,87000.0,20.022,3.188,-14.474,0.6609999999999999,20.09,20.057500000000005,0.03249999999999531
2020-08-13 14:34:43,20.15,2257255.0,45196403.0,0.05,20.15,20.1,59000.0,88000.0,20.022000000000002,3.188,-14.151,0.659,20.11,20.062500000000004,0.04749999999999588
2020-08-13 14:34:43,20.15,2260255.0,45256853.0,0.05,20.15,20.1,59000.0,88000.0,20.022,3.188,-13.936,0.657,20.13,20.067500000000003,0.06249999999999645
2020-08-13 14:34:43,20.15,2267255.0,45397903.0,0.05,20.15,20.1,52000.0,87000.0,20.023,3.188,-13.498,0.6559999999999999,20.15,20.072499999999998,0.07750000000000057
2020-08-13 14:34:43,20.15,2267255.0,45397903.0,0.05,20.15,20.1,55000.0,88000.0,20.023,3.188,-13.718,0.655,20.149999999999995,20.08,0.06999999999999673
2020-08-13 14:41:11,20.15,2274255.0,45538903.0,0.051,20.15,20.1,50000.0,94000.0,20.023,3.188,-14.470999999999998,0.653,20.149999999999995,20.084999999999997,0.06499999999999773
2020-08-13 14:41:11,20.15,2280255.0,45659803.0,0.051,20.15,20.1,48000.0,101000.0,20.023,3.188,-13.809,0.65,20.149999999999995,20.089999999999996,0.05999999999999872
2020-08-13 14:41:11,20.15,2286255.0,45780703.0,0.051,20.15,20.1,44000.0,108000.0,20.024,3.188,-12.777999999999999,0.65,20.149999999999995,20.09499999999999,0.05500000000000327
2020-08-13 14:45:29,20.15,2289255.0,45841103.0,0.051,20.15,20.1,44000.0,77000.0,20.024,3.188,-15.97,0.647,20.149999999999995,20.09999999999999,0.05000000000000426
2020-08-13 14:45:29,20.15,2298255.0,46022453.0,0.051,20.15,20.1,55000.0,110000.0,20.024,3.188,-13.036,0.6459999999999999,20.149999999999995,20.10499999999999,0.04500000000000526
2020-08-13 14:47:50,20.15,2303255.0,46123153.0,0.051,20.15,20.1,61000.0,110000.0,20.025,3.188,-13.382,0.644,20.149999999999995,20.10999999999999,0.04000000000000625
2020-08-13 14:47:50,20.15,2309255.0,46244053.0,0.051,20.15,20.1,50000.0,109000.0,20.025,3.188,-12.614,0.643,20.149999999999995,20.114999999999988,0.03500000000000725
2020-08-13 14:51:02,20.15,2319255.0,46445453.0,0.052000000000000005,20.15,20.1,59000.0,109000.0,20.026,3.188,-13.636,0.642,20.149999999999995,20.119999999999983,0.030000000000011795
2020-08-13 14:51:02,20.15,2320255.0,46465603.0,0.052000000000000005,20.15,20.1,62000.0,112000.0,20.026,3.188,-13.249,0.6409999999999999,20.149999999999995,20.124999999999982,0.02500000000001279
2020-08-13 14:51:02,20.15,2324255.0,46546203.0,0.052000000000000005,20.15,20.1,62000.0,112000.0,20.026,3.188,-12.965,0.639,20.149999999999995,20.12999999999998,0.020000000000013785
2020-08-13 14:51:02,20.15,2331255.0,46687253.0,0.052000000000000005,20.15,20.1,55000.0,113000.0,20.026,3.188,-12.489,0.638,20.149999999999995,20.13499999999998,0.01500000000001478
2020-08-13 14:51:02,20.15,2338255.0,46828303.0,0.052000000000000005,20.15,20.1,39000.0,111000.0,20.027,3.188,-11.563,0.637,20.149999999999995,20.13999999999998,0.010000000000015774
2020-08-13 14:51:02,20.15,2341255.0,46888753.0,0.052000000000000005,20.15,20.1,51000.0,110000.0,20.027,3.188,-12.431,0.636,20.149999999999995,20.144999999999975,0.0050000000000203215
2020-08-13 14:51:02,20.15,2347255.0,47009653.0,0.052000000000000005,20.15,20.1,47000.0,111000.0,20.027,3.188,-12.155,0.635,20.149999999999995,20.149999999999974,2.1316282072803006e-14
2020-08-13 14:51:02,20.15,2352255.0,47110403.0,0.052000000000000005,20.15,20.1,55000.0,111000.0,20.027,3.188,-12.511,0.634,20.149999999999995,20.149999999999974,2.1316282072803006e-14
2020-08-13 14:59:31,20.1,2359255.0,47251403.0,0.052000000000000005,20.15,20.1,50000.0,109000.0,20.028,3.188,-12.316,0.633,20.139999999999993,20.147499999999976,-0.007499999999982521
2020-08-13 14:59:51,20.15,2363255.0,47332003.0,0.053,20.15,20.1,58000.0,98000.0,20.028,3.188,-16.215999999999998,0.632,20.139999999999993,20.147499999999976,-0.007499999999982521
2020-08-13 14:59:51,20.15,2366255.0,47392453.0,0.053,20.15,20.1,57000.0,98000.0,20.028,3.188,-15.749,0.631,20.139999999999993,20.147499999999976,-0.007499999999982521
2020-08-13 14:59:51,20.15,2372255.0,47513353.0,0.053,20.15,20.1,53000.0,100000.0,20.028,3.188,-15.116,0.629,20.139999999999993,20.147499999999976,-0.007499999999982521
2020-08-13 14:59:51,20.15,2379373.0,47656761.0,0.053,20.15,20.1,38000.0,100000.0,20.029,3.188,-13.864,0.629,20.139999999999993,20.147499999999976,-0.007499999999982521
2020-08-13 14:59:51,20.15,2381373.0,47697061.0,0.053,20.15,20.1,36000.0,99000.0,20.029,3.188,-13.807,0.626,20.149999999999995,20.147499999999976,0.0025000000000190425
2020-08-13 14:59:51,20.15,2389373.0,47858261.0,0.053,20.15,20.1,29000.0,96000.0,20.029,3.188,-13.492,0.627,20.149999999999995,20.147499999999976,0.0025000000000190425
2020-08-13 15:06:32,20.2,2422373.0,48523361.0,0.054000000000000006,20.2,20.15,84000.0,99000.0,20.031,3.188,-9.672,0.632,20.159999999999997,20.149999999999977,0.010000000000019327
2020-08-13 15:06:32,20.2,2435373.0,48785961.0,0.054000000000000006,20.2,20.15,83000.0,95000.0,20.032,3.188,-10.016,0.634,20.169999999999998,20.15249999999998,0.01750000000001961
2020-08-13 15:06:32,20.2,2444373.0,48967761.0,0.054000000000000006,20.2,20.15,79000.0,98000.0,20.032,3.188,-9.316,0.633,20.18,20.15499999999998,0.025000000000019895
2020-08-13 15:06:32,20.2,2446373.0,49008161.0,0.054000000000000006,20.2,20.15,84000.0,98000.0,20.032,3.188,-9.762,0.632,20.190000000000005,20.157499999999978,0.032500000000027285
2020-08-13 15:06:32,20.2,2450373.0,49088961.0,0.054000000000000006,20.2,20.15,83000.0,99000.0,20.033,3.188,-10.423,0.631,20.200000000000006,20.15999999999998,0.04000000000002757
2020-08-13 15:06:32,20.2,2456373.0,49210161.0,0.055,20.2,20.15,72000.0,100000.0,20.033,3.188,-9.329,0.629,20.200000000000006,20.16249999999998,0.03750000000002629
2020-08-13 15:06:32,20.2,2460373.0,49290961.0,0.055,20.2,20.15,72000.0,101000.0,20.033,3.188,-9.283,0.628,20.200000000000006,20.16499999999998,0.03500000000002501
2020-08-13 15:06:32,20.2,2466373.0,49412161.0,0.055,20.2,20.15,66000.0,103000.0,20.034,3.188,-8.469,0.628,20.200000000000006,20.167499999999983,0.03250000000002373
2020-08-13 15:15:03,20.15,2469373.0,49472711.0,0.055,20.2,20.15,68000.0,101000.0,20.034000000000002,3.188,-8.749,0.626,20.190000000000005,20.167499999999983,0.02250000000002217
2020-08-13 15:15:30,20.2,2476373.0,49614111.0,0.055,20.2,20.15,64000.0,103000.0,20.034,3.188,-8.646,0.626,20.190000000000005,20.16999999999998,0.020000000000024443
2020-08-13 15:15:30,20.2,2482373.0,49735311.0,0.055,20.2,20.15,57000.0,70000.0,20.035,3.188,-10.495,0.625,20.190000000000005,20.17249999999998,0.017500000000023164
2020-08-13 15:18:02,20.15,2487373.0,49836261.0,0.055,20.2,20.15,55000.0,70000.0,20.035,3.188,-10.16,0.625,20.180000000000003,20.17249999999998,0.0075000000000216005
2020-08-13 15:18:42,20.15,2544373.0,50984911.0,0.057,20.2,20.15,67000.0,32000.0,20.038,3.188,-16.456,0.623,20.17,20.17249999999998,-0.0024999999999799627
2020-08-13 15:19:52,20.15,2546373.0,51025261.0,0.057,20.2,20.15,72000.0,44000.0,20.038,3.188,-15.903,0.635,20.169999999999998,20.17499999999998,-0.004999999999981242
2020-08-13 15:19:52,20.15,2567373.0,51448411.0,0.057,20.2,20.15,59000.0,37000.0,20.039,3.188,-16.553,0.632,20.16,20.17499999999998,-0.014999999999979252
2020-08-13 15:22:14,20.15,2603373.0,52174311.0,0.058,20.2,20.15,55000.0,29000.0,20.041,3.188,-16.581,0.644,20.15,20.17499999999998,-0.024999999999980815
2020-08-13 15:22:14,20.15,2603373.0,52174311.0,0.057999999999999996,20.2,20.15,57000.0,28000.0,20.041,3.188,-16.680999999999994,0.642,20.149999999999995,20.17499999999998,-0.024999999999984368
2020-08-13 15:23:44,20.2,2605373.0,52214711.0,0.058,20.2,20.15,52000.0,38000.0,20.041,3.188,-16.267,0.64,20.159999999999997,20.17749999999998,-0.017499999999984084
2020-08-13 15:25:44,20.2,2607373.0,52255061.0,0.057999999999999996,20.2,20.15,56000.0,37000.0,20.041,3.188,-21.26,0.638,20.169999999999998,20.179999999999982,-0.0099999999999838
2020-08-13 15:25:44,20.2,2608373.0,52275261.0,0.058,20.2,20.15,55000.0,58000.0,20.041,3.188,-18.426,0.636,20.18,20.182499999999983,-0.0024999999999835154
2020-08-13 15:27:36,20.15,2682373.0,53766311.0,0.06,20.15,20.1,85000.0,72000.0,20.044,3.188,-18.997,0.652,20.18,20.179999999999982,1.7763568394002505e-14
2020-08-13 15:27:36,20.15,2682373.0,53766311.0,0.06,20.15,20.1,96000.0,55000.0,20.044,3.188,-18.812,0.649,20.18,20.17749999999998,0.0025000000000190425
2020-08-13 15:27:36,20.15,2682373.0,53766311.0,0.06,20.15,20.1,99000.0,58000.0,20.044,3.188,-18.548,0.647,20.17,20.17499999999998,-0.004999999999977689
2020-08-13 15:30:01,20.15,2684373.0,53806561.0,0.06,20.15,20.1,106000.0,62000.0,20.044,3.188,-18.605,0.6459999999999999,20.16,20.172499999999978,-0.012499999999977973
2020-08-13 15:30:01,20.15,2684373.0,53806561.0,0.06,20.15,20.1,108000.0,68000.0,20.044,3.188,-18.147000000000002,0.644,20.15,20.16999999999998,-0.01999999999998181
2020-08-13 15:32:47,20.1,2687373.0,53866961.0,0.06,20.15,20.1,107000.0,69000.0,20.044,3.188,-2.915,0.642,20.139999999999997,20.16499999999998,-0.024999999999984368
2020-08-13 15:32:47,20.1,2687373.0,53866961.0,0.06,20.15,20.1,109000.0,81000.0,20.044,3.188,-2.329,0.64,20.129999999999995,20.159999999999982,-0.029999999999986926
2020-08-13 15:35:06,20.15,2690373.0,53927411.0,0.06,20.15,20.1,108000.0,104000.0,20.044,3.188,-0.556,0.637,20.129999999999995,20.15749999999998,-0.027499999999985647
2020-08-13 15:36:10,20.1,2697373.0,54068311.0,0.06,20.15,20.1,109000.0,112000.0,20.044,3.188,-0.615,0.637,20.119999999999994,20.154999999999983,-0.034999999999989484
2020-08-13 15:36:45,20.15,2699373.0,54108611.0,0.06,20.15,20.1,109000.0,122000.0,20.044,3.188,0.0,0.635,20.119999999999994,20.152499999999982,-0.032499999999988205
2020-08-13 15:36:45,20.15,2703373.0,54189211.0,0.06,20.15,20.1,98000.0,119000.0,20.045,3.188,1.889,0.634,20.129999999999995,20.149999999999984,-0.019999999999988916
2020-08-13 15:38:46,20.15,2713373.0,54390661.0,0.06,20.15,20.1,121000.0,118000.0,20.045,3.188,0.421,0.634,20.139999999999997,20.149999999999984,-0.009999999999987352
2020-08-13 15:40:26,20.1,2722373.0,54571961.0,0.061,20.15,20.1,115000.0,120000.0,20.045,3.188,0.602,0.634,20.129999999999995,20.147499999999987,-0.01749999999999119
2020-08-13 15:40:46,20.15,2728373.0,54692861.0,0.061,20.15,20.1,109000.0,125000.0,20.045,3.188,1.263,0.633,20.139999999999997,20.147499999999987,-0.007499999999989626
2020-08-13 15:41:40,20.25,2903373.0,58223361.0,0.065,20.25,20.2,68000.0,164000.0,20.053,3.188,3.571,0.672,20.159999999999997,20.152499999999986,0.007500000000010942
2020-08-13 15:41:40,20.25,2912373.0,58405611.0,0.065,20.25,20.2,67000.0,163000.0,20.054,3.188,3.28,0.6709999999999999,20.179999999999996,20.157499999999988,0.022500000000007958
2020-08-13 15:41:40,20.25,2917373.0,58506861.0,0.065,20.25,20.2,124000.0,167000.0,20.054000000000002,3.188,2.908,0.6709999999999999,20.199999999999996,20.162499999999987,0.037500000000008527
2020-08-13 15:44:54,20.25,2925373.0,58668761.0,0.065,20.25,20.2,130000.0,166000.0,20.055,3.188,2.719,0.6709999999999999,20.229999999999997,20.16499999999999,0.06500000000000838
2020-08-13 15:46:24,20.25,3060373.0,61395961.0,0.068,20.25,20.2,176000.0,67000.0,20.061,3.188,-6.287999999999999,0.6990000000000001,20.249999999999993,20.16749999999999,0.08250000000000313
2020-08-13 15:46:24,20.25,3060373.0,61395961.0,0.068,20.25,20.2,130000.0,82000.0,20.061,3.188,-4.683,0.6970000000000001,20.249999999999993,20.16999999999999,0.08000000000000185
2020-08-13 15:46:24,20.25,3060373.0,61395961.0,0.068,20.25,20.2,142000.0,90000.0,20.061,3.188,-5.176,0.695,20.249999999999993,20.17499999999999,0.07500000000000284
2020-08-13 15:46:24,20.25,3061373.0,61416211.0,0.068,20.25,20.2,201000.0,88000.0,20.061,3.188,-6.9910000000000005,0.6920000000000001,20.249999999999993,20.179999999999993,0.07000000000000028
2020-08-14 15:23:51,20.3,1206000.0,24463375.0,0.027000000000000003,20.3,20.25,170000.0,58000.0,20.284000000000002,2.469,-51.528,0.3,20.259999999999994,20.187499999999993,0.07250000000000156
2020-08-14 15:23:51,20.3,1206000.0,24463375.0,0.027000000000000003,20.3,20.25,172000.0,58000.0,20.284,2.469,-59.015,0.299,20.269999999999992,20.194999999999997,0.07499999999999574
2020-08-14 15:26:30,20.25,1207000.0,24483625.0,0.027000000000000003,20.3,20.25,171000.0,57000.0,20.284000000000002,2.469,-59.01300000000001,0.298,20.269999999999992,20.199999999999996,0.06999999999999673
2020-08-14 15:26:30,20.25,1210000.0,24544375.0,0.027000000000000003,20.3,20.25,166000.0,54000.0,20.284,2.469,-60.372,0.298,20.269999999999992,20.207499999999996,0.06249999999999645
2020-08-14 15:26:30,20.25,1210000.0,24544375.0,0.027000000000000003,20.3,20.25,167000.0,54000.0,20.284000000000002,2.469,-60.302,0.297,20.269999999999992,20.214999999999996,0.05499999999999616
2020-08-14 15:26:30,20.25,1218000.0,24706375.0,0.027000000000000003,20.3,20.25,167000.0,49000.0,20.284,2.469,-60.768,0.298,20.259999999999994,20.219999999999995,0.03999999999999915
2020-08-14 15:26:30,20.25,1224000.0,24827875.0,0.027000000000000003,20.3,20.25,166000.0,46000.0,20.284000000000002,2.469,-61.004,0.298,20.249999999999993,20.227499999999996,0.0224999999999973
2020-08-14 15:32:02,20.3,1227000.0,24888725.0,0.027000000000000003,20.3,20.25,155000.0,50000.0,20.284,2.469,-60.65600000000001,0.297,20.259999999999994,20.234999999999996,0.02499999999999858
2020-08-14 15:32:02,20.3,1232000.0,24990225.0,0.027000000000000003,20.3,20.25,152000.0,56000.0,20.284000000000002,2.469,-59.90600000000001,0.297,20.269999999999992,20.2425,0.027499999999992752
2020-08-14 15:33:28,20.3,1234000.0,25030775.0,0.027000000000000003,20.3,20.25,193000.0,75000.0,20.284,2.469,-37.077,0.297,20.279999999999994,20.25,0.02999999999999403
2020-08-14 15:34:51,20.3,1242000.0,25193125.0,0.027999999999999997,20.3,20.25,193000.0,75000.0,20.284000000000002,2.469,-37.049,0.29600000000000004,20.289999999999992,20.259999999999998,0.02999999999999403
2020-08-14 15:34:51,20.3,1263000.0,25619425.0,0.028,20.3,20.25,186000.0,83000.0,20.284,2.469,-36.242,0.302,20.29999999999999,20.267500000000002,0.032499999999988205
2020-08-14 15:34:51,20.3,1271000.0,25781825.0,0.027999999999999997,20.3,20.25,183000.0,76000.0,20.284000000000002,2.469,-36.644,0.303,20.29999999999999,20.270000000000003,0.029999999999986926
2020-08-14 15:34:51,20.3,1272000.0,25802125.0,0.028,20.3,20.25,183000.0,74000.0,20.284,2.469,-36.767,0.302,20.29999999999999,20.2725,0.0274999999999892
2020-08-14 15:38:47,20.2,1353000.0,27442175.0,0.03,20.25,20.2,128000.0,27000.0,20.282,2.469,-43.0,0.321,20.279999999999994,20.270000000000003,0.009999999999990905
2020-08-14 15:38:47,20.2,1355000.0,27482575.0,0.03,20.25,20.2,170000.0,26000.0,20.282,2.469,-42.129,0.32,20.259999999999994,20.267500000000002,-0.00750000000000739
2020-08-14 15:38:47,20.2,1356000.0,27502775.0,0.03,20.25,20.2,171000.0,28000.0,20.282,2.469,-41.988,0.319,20.239999999999995,20.265,-0.025000000000005684
2020-08-14 15:38:47,20.2,1357000.0,27522975.0,0.03,20.25,20.2,182000.0,28000.0,20.282,2.469,-42.212,0.318,20.219999999999995,20.2625,-0.04250000000000398
2020-08-14 15:42:53,20.25,1358000.0,27543225.0,0.03,20.25,20.2,176000.0,28000.0,20.282,2.469,-42.055,0.317,20.209999999999997,20.2625,-0.05250000000000199
2020-08-14 15:42:53,20.25,1365000.0,27684975.0,0.03,20.25,20.2,129000.0,31000.0,20.282,2.469,-40.6,0.317,20.219999999999995,20.2625,-0.04250000000000398
2020-08-14 15:45:24,20.25,1371000.0,27806325.0,0.03,20.25,20.2,255000.0,38000.0,20.281,2.469,-43.162,0.318,20.229999999999997,20.259999999999998,-0.030000000000001137
2020-08-14 15:45:24,20.25,1380000.0,27988575.0,0.031,20.25,20.2,219000.0,45000.0,20.281,2.469,-41.854,0.319,20.239999999999995,20.2575,-0.0175000000000054
2020-08-14 15:45:24,20.25,1382000.0,28029075.0,0.031,20.25,20.2,122000.0,43000.0,20.281,2.469,-40.536,0.319,20.249999999999993,20.2575,-0.00750000000000739
2020-08-14 15:45:24,20.25,1418000.0,28758075.0,0.032,20.25,20.2,129000.0,65000.0,20.28,2.469,-38.104,0.322,20.249999999999993,20.2575,-0.00750000000000739
2020-08-14 15:49:06,20.25,1435000.0,29102275.0,0.032,20.25,20.2,127000.0,60000.0,20.28,2.469,-38.368,0.327,20.249999999999993,20.2575,-0.00750000000000739
2020-08-14 17:23:42,20.35,2301000.0,46705225.0,0.051,20.35,20.25,5000.0,53000.0,20.297,2.469,-25.64,0.511,20.269999999999992,20.2625,0.007499999999993179
2020-08-14 17:23:42,20.35,2301000.0,46705225.0,0.051,20.35,20.25,5000.0,53000.0,20.297,2.469,-25.64,0.511,20.289999999999992,20.267500000000002,0.022499999999990195
2020-08-14 17:23:42,20.35,2301000.0,46705225.0,0.051,20.35,20.25,5000.0,53000.0,20.297,2.469,-25.64,0.511,20.30999999999999,20.270000000000003,0.03999999999998849
2020-08-14 17:23:42,20.35,2301000.0,46705225.0,0.051,20.35,20.25,5000.0,53000.0,20.297,2.469,-25.64,0.511,20.32999999999999,20.2725,0.05749999999999034
2020-08-14 17:23:42,20.35,2301000.0,46705225.0,0.051,20.35,20.25,5000.0,53000.0,20.297,2.469,-25.64,0.511,20.349999999999987,20.275000000000002,0.07499999999998508
2020-08-14 17:23:42,20.35,2301000.0,46705225.0,0.051,20.35,20.25,5000.0,53000.0,20.297,2.469,-25.64,0.511,20.349999999999987,20.277500000000003,0.0724999999999838
2020-08-14 17:23:42,20.35,2301000.0,46705225.0,0.051,20.35,20.25,5000.0,53000.0,20.297,2.469,-25.64,0.511,20.349999999999987,20.280000000000005,0.06999999999998252
2020-08-14 17:23:42,20.35,2301000.0,46705225.0,0.051,20.35,20.25,5000.0,53000.0,20.297,2.469,-25.64,0.511,20.349999999999987,20.282500000000006,0.06749999999998124
2020-08-14 17:23:42,20.35,2301000.0,46705225.0,0.051,20.35,20.25,5000.0,53000.0,20.297,2.469,-25.64,0.511,20.349999999999987,20.285000000000004,0.06499999999998352
2020-08-14 17:23:42,20.35,2301000.0,46705225.0,0.051,20.35,20.25,5000.0,53000.0,20.297,2.469,-25.64,0.511,20.349999999999987,20.292500000000008,0.05749999999997968
2020-08-14 17:23:42,20.35,2301000.0,46705225.0,0.051,20.35,20.25,5000.0,53000.0,20.297,2.469,-25.64,0.511,20.349999999999987,20.300000000000008,0.049999999999979394
2020-08-14 17:23:42,20.35,2301000.0,46705225.0,0.051,20.35,20.25,5000.0,53000.0,20.297,2.469,-25.64,0.511,20.349999999999987,20.30750000000001,0.04249999999997556
2020-08-17 04:51:56,20.35,0.0,0.0,0.0,0.0,0.0,0.0,0.0,0.0,0.0,0.0,0.0,20.349999999999987,20.315000000000012,0.03499999999997527
2020-08-17 09:00:04,20.35,30000.0,610500.0,0.001,20.6,19.68,5000.0,5000.0,20.35,0.0,23.81,0.0,20.349999999999987,20.320000000000014,0.029999999999972715
2020-08-17 09:00:04,20.35,30600.0,622530.0,0.001,20.6,19.68,5000.0,5000.0,20.344,0.0,23.81,0.0,20.349999999999987,20.325000000000014,0.02499999999997371
2020-08-17 09:00:04,20.35,30600.0,622530.0,0.001,20.6,19.68,5000.0,5000.0,20.344,0.0,23.81,0.0,20.349999999999987,20.330000000000016,0.019999999999971152
2020-08-17 09:00:04,20.35,30600.0,622530.0,0.001,20.6,20.0,5000.0,10000.0,20.344,0.0,57.895,0.0,20.349999999999987,20.335000000000015,0.014999999999972147
2020-08-17 09:00:04,20.35,30600.0,622530.0,0.001,20.6,20.0,5000.0,10000.0,20.344,0.0,57.895,0.0,20.349999999999987,20.340000000000018,0.009999999999969589
2020-08-17 09:00:04,20.35,30600.0,622530.0,0.001,20.6,20.05,5000.0,6000.0,20.344,0.0,33.333,0.0,20.349999999999987,20.34500000000002,0.004999999999967031
2020-08-17 09:00:04,20.35,30600.0,622530.0,0.001,20.55,20.05,2000.0,6000.0,20.344,0.0,33.333,0.0,20.349999999999987,20.35000000000002,-3.197442310920451e-14
2020-08-17 09:01:40,20.35,30600.0,622530.0,0.001,20.3,20.05,2000.0,6000.0,20.344,0.0,60.0,0.0,20.349999999999987,20.35000000000002,-3.197442310920451e-14
2020-08-17 09:01:40,20.35,30600.0,622530.0,0.001,20.3,20.05,2000.0,6000.0,20.344,0.0,60.87,0.0,20.349999999999987,20.35000000000002,-3.197442310920451e-14
2020-08-17 09:14:41,20.6,30600.0,622530.0,0.001,20.6,20.6,10000.0,8000.0,20.344,0.0,-31.034,0.0,20.399999999999988,20.36250000000002,0.03749999999996945
2020-08-17 09:14:41,20.6,30600.0,622530.0,0.001,20.6,20.6,10000.0,8000.0,20.344,0.0,-31.034000000000002,0.0,20.44999999999999,20.37500000000002,0.07499999999996732
2020-08-17 09:14:41,20.6,30600.0,622530.0,0.001,20.6,20.6,10000.0,8000.0,20.344,0.0,-31.034,0.0,20.49999999999999,20.38750000000002,0.11249999999996874
2020-08-17 09:14:41,20.6,30600.0,622530.0,0.001,20.6,20.6,10000.0,8000.0,20.344,0.0,-31.034000000000002,0.0,20.54999999999999,20.40000000000002,0.14999999999997016
2020-08-17 09:14:41,20.6,30600.0,622530.0,0.001,20.6,20.6,10000.0,8000.0,20.344,0.0,-31.034,0.0,20.599999999999987,20.41250000000002,0.18749999999996803
2020-08-17 09:19:59,20.6,42600.0,869730.0,0.001,20.7,20.55,1000.0,2000.0,20.416,0.0,-63.636,0.0,20.599999999999987,20.42500000000002,0.17499999999996874
2020-08-17 09:19:59,20.6,42600.0,869730.0,0.001,20.7,20.55,1000.0,2000.0,20.416,0.0,-63.636,0.0,20.599999999999987,20.43750000000002,0.1624999999999659
2020-08-17 09:31:01,20.55,241600.0,4965430.0,0.005,20.75,20.5,117000.0,19000.0,20.552,1.474,-26.706,9.006,20.589999999999986,20.44750000000002,0.14249999999996632
2020-08-17 09:33:14,20.55,253600.0,5212430.0,0.006,20.7,20.5,146000.0,23000.0,20.553,1.474,-37.368,6.049,20.579999999999984,20.457500000000017,0.12249999999996675
2020-08-17 09:33:14,20.55,253600.0,5212430.0,0.006,20.7,20.55,165000.0,14000.0,20.553,1.474,-41.426,4.635,20.569999999999983,20.46750000000002,0.10249999999996362
2020-08-17 09:33:14,20.55,253600.0,5212430.0,0.006,20.7,20.55,219000.0,9000.0,20.553,1.474,-51.053,3.694,20.55999999999998,20.477500000000017,0.08249999999996405
2020-08-17 09:33:14,20.55,253600.0,5212430.0,0.006,20.7,20.55,221000.0,35000.0,20.553,1.474,-37.042,3.07,20.549999999999976,20.48750000000002,0.06249999999995737
2020-08-17 09:33:14,20.55,253600.0,5212430.0,0.006,20.7,20.55,209000.0,82000.0,20.553,1.474,-26.667,2.627,20.549999999999976,20.497500000000016,0.05249999999995936
2020-08-17 09:33:14,20.55,253600.0,5212430.0,0.006,20.7,20.55,215000.0,88000.0,20.553,1.474,-23.229,2.295,20.549999999999976,20.507500000000014,0.042499999999961346
2020-08-17 09:33:14,20.55,253600.0,5212430.0,0.006,20.7,20.55,221000.0,77000.0,20.553,1.474,-26.031,2.1590000000000003,20.549999999999976,20.517500000000016,0.03249999999995978
2020-08-17 09:33:14,20.55,253600.0,5212430.0,0.006,20.7,20.55,193000.0,84000.0,20.553,1.474,-16.22,1.93,20.549999999999976,20.527500000000014,0.022499999999961773
2020-08-17 09:41:00,20.6,326600.0,6716280.0,0.006999999999999999,20.7,20.55,189000.0,53000.0,20.564,1.474,-19.651,2.247,20.559999999999977,20.540000000000013,0.019999999999964047
2020-08-17 09:42:06,20.65,327600.0,6736930.0,0.006999999999999999,20.7,20.65,185000.0,10000.0,20.564,1.474,-23.333000000000002,2.056,20.579999999999977,20.555000000000014,0.024999999999963052
2020-08-17 09:43:35,20.7,328600.0,6757630.0,0.006999999999999999,20.7,20.65,187000.0,19000.0,20.564,1.474,-5.577000000000001,1.897,20.609999999999978,20.572500000000012,0.037499999999965894
2020-08-17 09:44:26,20.65,334600.0,6881530.0,0.006999999999999999,20.7,20.65,202000.0,16000.0,20.566,1.474,-6.683,1.787,20.629999999999974,20.58750000000001,0.0424999999999649
2020-08-17 09:44:26,20.65,334600.0,6881530.0,0.006999999999999999,20.7,20.65,242000.0,28000.0,20.566,1.474,-19.638,1.665,20.649999999999974,20.590000000000007,0.05999999999996675
2020-08-17 09:44:26,20.65,334600.0,6881530.0,0.006999999999999999,20.7,20.65,247000.0,27000.0,20.566,1.474,-9.386000000000001,1.557,20.659999999999975,20.592500000000005,0.06749999999997058
2020-08-17 09:44:26,20.65,334600.0,6881530.0,0.006999999999999999,20.7,20.65,258000.0,25000.0,20.566,1.474,-10.706,1.462,20.659999999999975,20.595000000000002,0.06499999999997286
2020-08-17 09:44:26,20.65,334600.0,6881530.0,0.006999999999999999,20.7,20.65,275000.0,25000.0,20.566,1.474,-12.277000000000001,1.3780000000000001,20.649999999999974,20.5975,0.05249999999997357
2020-08-17 09:44:26,20.65,334600.0,6881530.0,0.006999999999999999,20.7,20.65,285000.0,25000.0,20.566,1.474,-27.251,1.3030000000000002,20.64999999999997,20.599999999999998,0.04999999999997229
2020-08-17 09:44:26,20.65,336600.0,6922830.0,0.006999999999999999,20.7,20.65,285000.0,23000.0,20.566,1.474,-14.347999999999999,1.2429999999999999,20.64999999999997,20.602499999999996,0.04749999999997456
2020-08-17 09:51:45,20.7,361600.0,7439080.0,0.008,20.7,20.6,291000.0,52000.0,20.572,1.474,-28.333,1.27,20.659999999999975,20.607499999999995,0.05249999999998067
2020-08-17 09:51:45,20.7,361600.0,7439080.0,0.008,20.7,20.6,289000.0,47000.0,20.572,1.474,-29.357,1.2109999999999999,20.669999999999977,20.61499999999999,0.054999999999985505
2020-08-17 09:51:45,20.7,361600.0,7439080.0,0.008,20.7,20.6,305000.0,27000.0,20.572,1.474,-32.791,1.157,20.67999999999998,20.62249999999999,0.057499999999986784
2020-08-17 09:51:45,20.7,361600.0,7439080.0,0.008,20.7,20.6,313000.0,55000.0,20.572,1.474,-29.932,1.1079999999999999,20.68999999999998,20.62999999999999,0.059999999999991616
2020-08-17 09:51:45,20.7,361600.0,7439080.0,0.008,20.7,20.6,313000.0,35000.0,20.572,1.474,-31.422,1.062,20.69999999999998,20.63749999999999,0.062499999999992895
2020-08-17 09:51:45,20.7,361600.0,7439080.0,0.008,20.7,20.6,323000.0,58000.0,20.572,1.474,-30.066999999999997,1.02,20.69999999999998,20.64499999999999,0.05499999999999261
2020-08-17 09:51:45,20.7,361600.0,7439080.0,0.008,20.7,20.6,322000.0,55000.0,20.572,1.474,-30.123,0.982,20.69999999999998,20.652499999999986,0.04749999999999588
2020-08-17 09:51:45,20.7,361600.0,7439080.0,0.008,20.7,20.6,344000.0,56000.0,20.572,1.474,-30.684,0.963,20.69999999999998,20.659999999999986,0.039999999999995595
2020-08-17 09:51:45,20.7,361600.0,7439080.0,0.008,20.7,20.6,386000.0,67000.0,20.572,1.474,-18.19,0.929,20.69999999999998,20.667499999999983,0.03249999999999886
2020-08-17 09:51:45,20.7,361600.0,7439080.0,0.008,20.7,20.6,384000.0,66000.0,20.572,1.474,-19.195999999999998,0.897,20.69999999999998,20.674999999999983,0.02499999999999858
2020-08-17 09:51:45,20.7,361600.0,7439080.0,0.008,20.7,20.6,393000.0,85000.0,20.572,1.474,-18.623,0.867,20.69999999999998,20.679999999999982,0.019999999999999574
2020-08-17 10:03:29,20.6,373600.0,7686280.0,0.008,20.65,20.6,149000.0,78000.0,20.573,1.474,-2.674,0.867,20.679999999999982,20.677499999999984,0.0024999999999977263
2020-08-17 10:05:17,20.65,451600.0,9294030.0,0.01,20.65,20.6,139000.0,67000.0,20.58,1.474,-3.077,0.972,20.66999999999998,20.674999999999983,-0.005000000000002558
2020-08-17 10:05:17,20.65,451600.0,9294030.0,0.01,20.65,20.6,140000.0,72000.0,20.58,1.474,-11.508,0.9840000000000001,20.659999999999975,20.674999999999983,-0.015000000000007674
2020-08-17 10:05:17,20.65,451600.0,9294030.0,0.01,20.65,20.6,157000.0,79000.0,20.58,1.474,-9.859,0.955,20.649999999999974,20.674999999999983,-0.025000000000009237
2020-08-17 10:05:17,20.65,451600.0,9294030.0,0.01,20.65,20.6,157000.0,80000.0,20.58,1.474,-9.749,0.927,20.639999999999972,20.674999999999983,-0.0350000000000108
2020-08-17 10:09:31,20.8,749600.0,15459880.0,0.017,20.8,20.75,66000.0,86000.0,20.624,1.72,10.574000000000002,1.495,20.67999999999997,20.682499999999983,-0.002500000000011937
2020-08-17 10:10:17,20.75,751600.0,15501380.0,0.017,20.8,20.75,863000.0,104000.0,20.624000000000002,1.72,-40.236,1.46,20.69999999999997,20.687499999999986,0.012499999999985079
2020-08-17 10:10:17,20.75,751600.0,15501380.0,0.017,20.8,20.75,942000.0,104000.0,20.624,1.72,-42.78,1.422,20.71999999999997,20.69249999999999,0.027499999999982094
2020-08-17 10:12:54,20.7,873600.0,18032130.0,0.019,20.75,20.7,140000.0,7000.0,20.641,1.72,-45.728,1.391,20.729999999999972,20.694999999999986,0.03499999999998593
2020-08-17 10:12:54,20.7,876600.0,18094230.0,0.019,20.75,20.7,216000.0,5000.0,20.641,1.72,-46.04,1.5730000000000002,20.739999999999974,20.694999999999986,0.044999999999987494
2020-08-17 10:12:54,20.7,876600.0,18094230.0,0.019,20.75,20.7,216000.0,7000.0,20.641,1.72,-45.863,1.537,20.719999999999978,20.694999999999986,0.024999999999991473
2020-08-17 10:12:54,20.7,879600.0,18156330.0,0.02,20.75,20.7,267000.0,22000.0,20.641,1.72,-42.02,1.505,20.709999999999976,20.694999999999986,0.01499999999998991
2020-08-17 10:12:54,20.7,883600.0,18239130.0,0.02,20.75,20.7,263000.0,18000.0,20.641,1.72,-40.863,1.473,20.699999999999978,20.694999999999986,0.0049999999999919
2020-08-17 10:12:54,20.7,884600.0,18259830.0,0.02,20.75,20.7,264000.0,32000.0,20.641,1.72,-39.98,1.445,20.699999999999978,20.694999999999986,0.0049999999999919
2020-08-17 10:12:54,20.7,886600.0,18301230.0,0.02,20.75,20.7,263000.0,33000.0,20.642,1.72,-39.91,1.416,20.699999999999978,20.694999999999986,0.0049999999999919
2020-08-17 10:12:54,20.7,886600.0,18301230.0,0.02,20.75,20.7,258000.0,90000.0,20.642,1.72,-44.404,1.385,20.699999999999978,20.694999999999986,0.0049999999999919
2020-08-17 10:12:54,20.7,888600.0,18342630.0,0.02,20.75,20.7,257000.0,104000.0,20.642,1.72,-43.486999999999995,1.358,20.699999999999978,20.694999999999986,0.0049999999999919
2020-08-17 10:12:54,20.7,890600.0,18384030.0,0.02,20.75,20.7,261000.0,103000.0,20.642,1.72,-43.294,1.3330000000000002,20.699999999999978,20.694999999999986,0.0049999999999919
2020-08-17 10:12:54,20.7,892600.0,18425430.0,0.02,20.75,20.7,294000.0,106000.0,20.642,1.72,-45.648999999999994,1.3090000000000002,20.699999999999978,20.694999999999986,0.0049999999999919
2020-08-17 10:12:54,20.7,892600.0,18425430.0,0.02,20.75,20.7,294000.0,98000.0,20.642,1.72,-46.27,1.2819999999999998,20.699999999999978,20.694999999999986,0.0049999999999919
2020-08-17 10:12:54,20.7,894600.0,18466830.0,0.02,20.75,20.7,299000.0,114000.0,20.642,1.72,-44.993,1.236,20.699999999999978,20.699999999999985,-7.105427357601002e-15
2020-08-17 10:12:54,20.7,899600.0,18570330.0,0.02,20.75,20.7,295000.0,127000.0,20.642,1.72,-44.04600000000001,1.196,20.699999999999978,20.702499999999986,-0.0025000000000083844
2020-08-17 10:30:26,20.75,902600.0,18632480.0,0.02,20.75,20.7,293000.0,153000.0,20.643,1.72,-42.222,1.175,20.709999999999976,20.70749999999999,0.002499999999987068
2020-08-17 10:30:26,20.75,902600.0,18632480.0,0.02,20.75,20.7,293000.0,155000.0,20.643,1.72,-41.978,1.158,20.719999999999978,20.712499999999988,0.007499999999989626
2020-08-17 10:32:09,20.7,904600.0,18673880.0,0.02,20.75,20.7,293000.0,158000.0,20.643,1.72,-41.722,1.14,20.719999999999978,20.71499999999999,0.004999999999988347
2020-08-17 10:32:09,20.7,907600.0,18735980.0,0.02,20.75,20.7,291000.0,156000.0,20.643,1.72,-41.844,1.122,20.719999999999978,20.709999999999987,0.009999999999990905
2020-08-17 10:32:09,20.7,907600.0,18735980.0,0.02,20.75,20.7,291000.0,158000.0,20.643,1.72,-41.615,1.105,20.719999999999978,20.70749999999999,0.012499999999988631
2020-08-17 10:32:09,20.7,912600.0,18839480.0,0.02,20.75,20.7,288000.0,162000.0,20.643,1.72,-41.199,1.092,20.709999999999976,20.704999999999988,0.004999999999988347
2020-08-17 10:32:09,20.7,912600.0,18839480.0,0.02,20.75,20.7,290000.0,167000.0,20.643,1.72,-40.866,1.083,20.699999999999978,20.704999999999988,-0.005000000000009663
2020-08-17 10:32:09,20.7,915600.0,18901580.0,0.02,20.75,20.7,289000.0,168000.0,20.643,1.72,-41.698,1.065,20.699999999999978,20.704999999999988,-0.005000000000009663
2020-08-17 10:38:46,20.7,974600.0,20123330.0,0.022000000000000002,20.75,20.7,279000.0,157000.0,20.647,1.72,-41.753,1.061,20.699999999999978,20.704999999999988,-0.005000000000009663
2020-08-17 10:38:46,20.7,979600.0,20226830.0,0.022,20.75,20.7,277000.0,219000.0,20.648000000000003,1.72,-38.13,1.105,20.699999999999978,20.704999999999988,-0.005000000000009663
2020-08-17 10:38:46,20.7,981600.0,20268230.0,0.022000000000000002,20.75,20.7,279000.0,213000.0,20.648000000000003,1.72,-38.510999999999996,1.093,20.699999999999978,20.704999999999988,-0.005000000000009663
2020-08-17 10:41:17,20.7,984600.0,20330380.0,0.022,20.75,20.7,276000.0,213000.0,20.648000000000003,1.72,-38.017,1.079,20.699999999999978,20.704999999999988,-0.005000000000009663
2020-08-17 10:41:17,20.7,987600.0,20392480.0,0.022000000000000002,20.75,20.7,262000.0,207000.0,20.648000000000003,1.72,-37.36,1.063,20.699999999999978,20.704999999999988,-0.005000000000009663
2020-08-17 10:41:17,20.7,987600.0,20392480.0,0.022,20.75,20.7,264000.0,210000.0,20.648000000000003,1.72,-37.226,1.05,20.699999999999978,20.704999999999988,-0.005000000000009663
2020-08-17 10:41:17,20.7,988600.0,20413180.0,0.022000000000000002,20.75,20.7,263000.0,212000.0,20.648000000000003,1.72,-36.813,1.036,20.699999999999978,20.704999999999988,-0.005000000000009663
2020-08-17 10:41:17,20.7,988600.0,20413180.0,0.022,20.75,20.7,268000.0,220000.0,20.648000000000003,1.72,-36.554,1.021,20.699999999999978,20.704999999999988,-0.005000000000009663
2020-08-17 10:41:17,20.7,988600.0,20413180.0,0.022000000000000002,20.75,20.7,285000.0,220000.0,20.648000000000003,1.72,-37.051,1.006,20.699999999999978,20.704999999999988,-0.005000000000009663
2020-08-17 10:41:17,20.7,988600.0,20413180.0,0.022,20.75,20.7,284000.0,222000.0,20.648000000000003,1.72,-36.954,0.992,20.699999999999978,20.704999999999988,-0.005000000000009663
2020-08-17 10:41:17,20.7,988600.0,20413180.0,0.022000000000000002,20.75,20.7,284000.0,222000.0,20.648000000000003,1.72,-37.010999999999996,0.985,20.699999999999978,20.704999999999988,-0.005000000000009663
2020-08-17 10:50:40,20.7,991600.0,20475380.0,0.022,20.75,20.7,283000.0,221000.0,20.648000000000003,1.72,-38.572,0.974,20.699999999999978,20.704999999999988,-0.005000000000009663
2020-08-17 10:50:57,20.75,992600.0,20496130.0,0.022000000000000002,20.75,20.7,283000.0,221000.0,20.648000000000003,1.72,-38.6,0.963,20.709999999999976,20.704999999999988,0.004999999999988347
2020-08-17 10:50:57,20.75,993600.0,20516880.0,0.022,20.75,20.7,292000.0,217000.0,20.649,1.72,-39.286,0.938,20.719999999999978,20.704999999999988,0.01499999999998991
2020-08-17 10:54:16,20.7,1002600.0,20703280.0,0.022000000000000002,20.75,20.7,312000.0,218000.0,20.649,1.72,-39.823,0.934,20.719999999999978,20.704999999999988,0.01499999999998991
2020-08-17 10:54:49,20.75,1004600.0,20744780.0,0.022,20.75,20.7,311000.0,220000.0,20.649,1.72,-39.824,0.93,20.729999999999976,20.70749999999999,0.022499999999986642
2020-08-17 10:56:21,20.75,1009600.0,20848480.0,0.022000000000000002,20.75,20.7,315000.0,218000.0,20.65,1.72,-39.868,0.922,20.739999999999974,20.709999999999987,0.029999999999986926
2020-08-17 10:56:21,20.75,1009600.0,20848480.0,0.022,20.75,20.7,316000.0,230000.0,20.65,1.72,-39.184,0.911,20.739999999999974,20.712499999999988,0.027499999999985647
2020-08-17 10:56:21,20.75,1011600.0,20889980.0,0.022000000000000002,20.75,20.7,315000.0,229000.0,20.65,1.72,-39.279,0.902,20.739999999999974,20.71499999999999,0.024999999999984368
2020-08-17 10:59:12,20.7,1019600.0,21055930.0,0.023,20.75,20.7,362000.0,223000.0,20.651,1.72,-40.805,0.898,20.739999999999974,20.71499999999999,0.024999999999984368
2020-08-17 10:59:12,20.7,1019600.0,21055930.0,0.023,20.75,20.7,363000.0,223000.0,20.651,1.72,-41.025,0.887,20.729999999999976,20.71499999999999,0.014999999999986358
2020-08-17 10:59:12,20.7,1019600.0,21055930.0,0.023,20.75,20.7,365000.0,223000.0,20.651,1.72,-41.136,0.8759999999999999,20.719999999999978,20.71499999999999,0.004999999999988347
2020-08-17 10:59:12,20.7,1019600.0,21055930.0,0.023,20.75,20.7,390000.0,221000.0,20.651,1.72,-42.56800000000001,0.866,20.709999999999976,20.71499999999999,-0.005000000000013216
2020-08-17 11:03:38,20.7,1024600.0,21159630.0,0.023,20.75,20.7,390000.0,216000.0,20.651,1.72,-42.809,0.86,20.699999999999978,20.71499999999999,-0.015000000000011227
2020-08-17 11:03:38,20.7,1024600.0,21159630.0,0.023,20.75,20.7,390000.0,216000.0,20.651,1.72,-42.69,0.85,20.699999999999978,20.71499999999999,-0.015000000000011227
2020-08-17 11:03:38,20.7,1024600.0,21159630.0,0.023,20.75,20.7,394000.0,217000.0,20.651,1.72,-42.63,0.84,20.699999999999978,20.71499999999999,-0.015000000000011227
2020-08-17 11:03:38,20.7,1024600.0,21159630.0,0.023,20.75,20.7,399000.0,221000.0,20.651,1.72,-41.882,0.831,20.699999999999978,20.71499999999999,-0.015000000000011227
2020-08-17 11:03:38,20.7,1025600.0,21180330.0,0.023,20.75,20.7,399000.0,235000.0,20.651,1.72,-41.882,0.8220000000000001,20.699999999999978,20.71499999999999,-0.015000000000011227
2020-08-17 11:03:38,20.7,1025600.0,21180330.0,0.023,20.75,20.7,399000.0,235000.0,20.651,1.72,-41.882,0.813,20.699999999999978,20.71499999999999,-0.015000000000011227
2020-08-17 11:03:38,20.7,1025600.0,21180330.0,0.023,20.75,20.7,404000.0,236000.0,20.651,1.72,-40.707,0.809,20.699999999999978,20.71499999999999,-0.015000000000011227
2020-08-17 11:10:54,20.7,1061600.0,21925930.0,0.024,20.75,20.7,401000.0,202000.0,20.653000000000002,1.72,-42.918,0.828,20.699999999999978,20.71499999999999,-0.015000000000011227
2020-08-17 11:20:26,20.75,1081600.0,22340130.0,0.024,20.75,20.7,267000.0,213000.0,20.654,1.72,-38.847,0.7709999999999999,20.709999999999976,20.71749999999999,-0.007500000000014495
2020-08-17 11:20:26,20.75,1081600.0,22340130.0,0.024,20.75,20.7,258000.0,213000.0,20.654,1.72,-38.496,0.7559999999999999,20.719999999999978,20.71749999999999,0.002499999999987068
2020-08-17 11:20:26,20.75,1081600.0,22340130.0,0.024,20.75,20.7,261000.0,213000.0,20.654,1.72,-38.577,0.7490000000000001,20.729999999999976,20.71749999999999,0.012499999999985079
2020-08-17 11:20:26,20.75,1081600.0,22340130.0,0.024,20.75,20.7,263000.0,177000.0,20.654,1.72,-40.96,0.742,20.739999999999974,20.71999999999999,0.01999999999998181
2020-08-17 11:20:26,20.75,1081600.0,22340130.0,0.024,20.75,20.7,263000.0,173000.0,20.654,1.72,-40.834,0.738,20.749999999999975,20.71999999999999,0.029999999999983373
2020-08-17 11:20:26,20.75,1081600.0,22340130.0,0.024,20.75,20.7,265000.0,173000.0,20.654,1.72,-40.897,0.728,20.749999999999975,20.71999999999999,0.029999999999983373
2020-08-17 11:20:26,20.75,1081600.0,22340130.0,0.024,20.75,20.7,259000.0,174000.0,20.654,1.72,-40.487,0.721,20.749999999999975,20.71999999999999,0.029999999999983373
2020-08-17 11:20:26,20.75,1081600.0,22340130.0,0.024,20.75,20.7,259000.0,172000.0,20.654,1.72,-40.677,0.7140000000000001,20.749999999999975,20.71999999999999,0.029999999999983373
2020-08-17 11:20:26,20.75,1081600.0,22340130.0,0.024,20.75,20.7,261000.0,157000.0,20.654,1.72,-42.792,0.708,20.749999999999975,20.72249999999999,0.027499999999985647
2020-08-17 11:20:26,20.75,1081600.0,22340130.0,0.024,20.75,20.7,261000.0,167000.0,20.654,1.72,-42.792,0.701,20.749999999999975,20.72499999999999,0.024999999999984368
2020-08-17 11:20:26,20.75,1082600.0,22360855.0,0.024,20.75,20.7,255000.0,167000.0,20.654,1.72,-40.946,0.696,20.749999999999975,20.727499999999992,0.02249999999998309
2020-08-17 11:20:26,20.75,1082600.0,22360855.0,0.024,20.75,20.7,255000.0,186000.0,20.654,1.72,-39.856,0.6890000000000001,20.749999999999975,20.729999999999993,0.01999999999998181
2020-08-17 11:20:26,20.75,1084600.0,22402355.0,0.024,20.75,20.7,254000.0,182000.0,20.654,1.72,-40.135,0.685,20.749999999999975,20.732499999999995,0.01749999999998053
2020-08-17 11:20:26,20.75,1084600.0,22402355.0,0.024,20.75,20.7,254000.0,184000.0,20.654,1.72,-39.766,0.679,20.749999999999975,20.734999999999992,0.014999999999982805
2020-08-17 11:20:26,20.75,1084636.0,22403107.0,0.024,20.75,20.7,255000.0,192000.0,20.654,1.72,-39.26300000000001,0.6759999999999999,20.749999999999975,20.737499999999994,0.012499999999981526
2020-08-17 11:37:55,20.7,1089636.0,22506757.0,0.024,20.75,20.7,253000.0,185000.0,20.655,1.72,-39.648,0.67,20.739999999999974,20.737499999999994,0.0024999999999799627
2020-08-17 11:37:55,20.7,1089636.0,22506757.0,0.024,20.75,20.7,255000.0,185000.0,20.655,1.72,-39.703,0.667,20.729999999999976,20.737499999999994,-0.007500000000018048
2020-08-17 11:37:55,20.7,1089636.0,22506757.0,0.024,20.75,20.7,255000.0,185000.0,20.655,1.72,-40.0,0.662,20.719999999999978,20.737499999999994,-0.01750000000001606
2020-08-17 11:37:55,20.7,1089636.0,22506757.0,0.024,20.75,20.7,270000.0,189000.0,20.655,1.72,-40.098,0.6559999999999999,20.709999999999976,20.737499999999994,-0.02750000000001762
2020-08-17 11:41:41,20.75,1145636.0,23666057.0,0.025,20.75,20.7,268000.0,167000.0,20.656999999999996,1.72,-41.43,0.684,20.709999999999976,20.739999999999995,-0.0300000000000189
2020-08-17 11:43:12,20.7,1147636.0,23707457.0,0.026,20.75,20.7,255000.0,167000.0,20.657,1.72,-41.033,0.6779999999999999,20.709999999999976,20.737499999999994,-0.02750000000001762
2020-08-17 11:43:12,20.7,1147636.0,23707457.0,0.026000000000000002,20.75,20.7,257000.0,166000.0,20.656999999999996,1.72,-40.12,0.674,20.709999999999976,20.734999999999992,-0.025000000000016342
2020-08-17 11:43:12,20.7,1190636.0,24597557.0,0.026,20.75,20.7,267000.0,182000.0,20.659,1.72,-39.126,0.6920000000000001,20.709999999999976,20.732499999999995,-0.022500000000018616
2020-08-17 11:43:12,20.7,1190636.0,24597557.0,0.026000000000000002,20.75,20.7,274000.0,181000.0,20.659000000000002,1.72,-39.402,0.688,20.709999999999976,20.729999999999993,-0.020000000000017337
2020-08-17 11:43:12,20.7,1192636.0,24638957.0,0.027000000000000003,20.75,20.7,281000.0,177000.0,20.659,1.72,-39.864,0.682,20.699999999999978,20.727499999999992,-0.02750000000001407
2020-08-17 11:43:12,20.7,1192636.0,24638957.0,0.027000000000000003,20.75,20.7,281000.0,177000.0,20.659000000000002,1.72,-39.918,0.6779999999999999,20.699999999999978,20.72499999999999,-0.02500000000001279
2020-08-17 11:49:01,20.75,1194636.0,24680457.0,0.027000000000000003,20.75,20.7,298000.0,178000.0,20.659,1.72,-40.429,0.674,20.709999999999976,20.72499999999999,-0.01500000000001478
2020-08-17 11:50:15,20.7,1196636.0,24721857.0,0.027000000000000003,20.75,20.7,296000.0,169000.0,20.659000000000002,1.72,-40.911,0.67,20.709999999999976,20.72249999999999,-0.0125000000000135
2020-08-17 11:50:15,20.7,1196636.0,24721857.0,0.027000000000000003,20.75,20.7,295000.0,169000.0,20.659,1.72,-40.621,0.665,20.709999999999976,20.71999999999999,-0.010000000000015774
2020-08-17 11:50:15,20.7,1198636.0,24763257.0,0.027000000000000003,20.75,20.7,296000.0,167000.0,20.659000000000002,1.72,-40.774,0.6609999999999999,20.709999999999976,20.71749999999999,-0.007500000000014495
2020-08-17 11:50:15,20.7,1199636.0,24783957.0,0.027000000000000003,20.75,20.7,300000.0,165000.0,20.659,1.72,-40.901,0.6559999999999999,20.709999999999976,20.71499999999999,-0.005000000000013216
2020-08-17 11:50:15,20.7,1201636.0,24825357.0,0.027000000000000003,20.75,20.7,313000.0,161000.0,20.659000000000002,1.72,-51.471000000000004,0.652,20.699999999999978,20.712499999999988,-0.012500000000009948
2020-08-17 11:50:15,20.7,1201636.0,24825357.0,0.027000000000000003,20.75,20.7,315000.0,155000.0,20.659,1.72,-52.264,0.647,20.699999999999978,20.709999999999987,-0.010000000000008669
2020-08-17 11:50:15,20.7,1204636.0,24887482.0,0.027000000000000003,20.75,20.7,315000.0,152000.0,20.659000000000002,1.72,-54.24800000000001,0.644,20.699999999999978,20.70749999999999,-0.007500000000010942
2020-08-17 11:50:15,20.7,1204636.0,24887482.0,0.027000000000000003,20.75,20.7,321000.0,154000.0,20.659,1.72,-54.137,0.639,20.699999999999978,20.704999999999988,-0.005000000000009663
2020-08-17 11:50:15,20.7,1206636.0,24928882.0,0.027000000000000003,20.75,20.7,279000.0,152000.0,20.659000000000002,1.72,-53.903,0.636,20.699999999999978,20.704999999999988,-0.005000000000009663
2020-08-17 13:00:49,20.7,1230636.0,25426432.0,0.027000000000000003,20.75,20.7,324000.0,194000.0,20.661,1.72,-51.104,0.64,20.699999999999978,20.704999999999988,-0.005000000000009663
2020-08-17 13:01:00,20.75,1237636.0,25571582.0,0.027999999999999997,20.75,20.7,320000.0,208000.0,20.660999999999998,1.72,-50.494,0.644,20.709999999999976,20.70749999999999,0.002499999999987068
2020-08-17 13:02:30,20.7,1239636.0,25612982.0,0.028,20.75,20.7,322000.0,207000.0,20.661,1.72,-50.617,0.64,20.709999999999976,20.70749999999999,0.002499999999987068
2020-08-17 13:02:30,20.7,1239636.0,25612982.0,0.027999999999999997,20.75,20.7,326000.0,210000.0,20.660999999999998,1.72,-49.902,0.636,20.709999999999976,20.704999999999988,0.004999999999988347
2020-08-17 13:02:30,20.7,1239636.0,25612982.0,0.028,20.75,20.7,307000.0,215000.0,20.661,1.72,-48.89,0.631,20.709999999999976,20.704999999999988,0.004999999999988347
2020-08-17 13:02:30,20.7,1239636.0,25612982.0,0.027999999999999997,20.75,20.7,310000.0,215000.0,20.660999999999998,1.72,-49.855,0.627,20.709999999999976,20.704999999999988,0.004999999999988347
2020-08-17 13:02:30,20.7,1239636.0,25612982.0,0.028,20.75,20.7,310000.0,219000.0,20.661,1.72,-49.614,0.622,20.699999999999978,20.704999999999988,-0.005000000000009663
2020-08-17 13:02:30,20.7,1239636.0,25612982.0,0.027999999999999997,20.75,20.7,310000.0,219000.0,20.660999999999998,1.72,-49.614,0.618,20.699999999999978,20.704999999999988,-0.005000000000009663
2020-08-17 13:02:30,20.7,1239636.0,25612982.0,0.028,20.75,20.7,311000.0,220000.0,20.661,1.72,-49.856,0.614,20.699999999999978,20.704999999999988,-0.005000000000009663
2020-08-17 13:02:30,20.7,1239636.0,25612982.0,0.027999999999999997,20.75,20.7,336000.0,228000.0,20.660999999999998,1.72,-49.74,0.607,20.699999999999978,20.704999999999988,-0.005000000000009663
2020-08-17 13:02:30,20.7,1239636.0,25612982.0,0.028,20.75,20.7,336000.0,228000.0,20.661,1.72,-49.788,0.603,20.699999999999978,20.702499999999986,-0.0025000000000083844
2020-08-17 13:02:30,20.7,1239636.0,25612982.0,0.027999999999999997,20.75,20.7,354000.0,231000.0,20.660999999999998,1.72,-49.742,0.599,20.699999999999978,20.702499999999986,-0.0025000000000083844
2020-08-17 13:02:30,20.7,1239636.0,25612982.0,0.028,20.75,20.7,337000.0,373000.0,20.661,1.72,-40.063,0.595,20.699999999999978,20.702499999999986,-0.0025000000000083844
2020-08-17 13:02:30,20.7,1239636.0,25612982.0,0.027999999999999997,20.75,20.7,341000.0,377000.0,20.660999999999998,1.72,-39.821,0.593,20.699999999999978,20.702499999999986,-0.0025000000000083844
2020-08-17 13:02:30,20.7,1239636.0,25612982.0,0.028,20.75,20.7,341000.0,387000.0,20.661,1.72,-39.572,0.588,20.699999999999978,20.702499999999986,-0.0025000000000083844
2020-08-17 13:02:30,20.7,1239636.0,25612982.0,0.027999999999999997,20.75,20.7,345000.0,399000.0,20.660999999999998,1.72,-39.054,0.584,20.699999999999978,20.702499999999986,-0.0025000000000083844
2020-08-17 13:02:30,20.7,1239636.0,25612982.0,0.028,20.75,20.7,345000.0,395000.0,20.661,1.72,-39.56800000000001,0.58,20.699999999999978,20.702499999999986,-0.0025000000000083844
2020-08-17 13:02:30,20.7,1239636.0,25612982.0,0.027999999999999997,20.75,20.7,345000.0,397000.0,20.660999999999998,1.72,-39.18,0.5770000000000001,20.699999999999978,20.702499999999986,-0.0025000000000083844
2020-08-17 13:02:30,20.7,1239636.0,25612982.0,0.028,20.75,20.7,368000.0,392000.0,20.661,1.72,-40.583,0.573,20.699999999999978,20.702499999999986,-0.0025000000000083844
2020-08-17 13:02:30,20.7,1239636.0,25612982.0,0.027999999999999997,20.75,20.7,367000.0,392000.0,20.660999999999998,1.72,-40.461,0.569,20.699999999999978,20.702499999999986,-0.0025000000000083844
2020-08-17 13:02:30,20.7,1239636.0,25612982.0,0.028,20.75,20.7,350000.0,409000.0,20.661,1.72,-38.797,0.565,20.699999999999978,20.702499999999986,-0.0025000000000083844
2020-08-17 13:02:30,20.7,1239636.0,25612982.0,0.027999999999999997,20.75,20.7,374000.0,422000.0,20.660999999999998,1.72,-38.772,0.562,20.699999999999978,20.699999999999985,-7.105427357601002e-15
2020-08-17 13:24:58,20.75,1241636.0,25654482.0,0.028,20.75,20.7,367000.0,422000.0,20.661,1.72,-38.462,0.5589999999999999,20.709999999999976,20.702499999999986,0.007499999999989626
2020-08-17 13:24:58,20.75,1241636.0,25654482.0,0.027999999999999997,20.75,20.7,368000.0,423000.0,20.660999999999998,1.72,-38.547,0.556,20.719999999999978,20.704999999999988,0.01499999999998991
2020-08-17 13:24:58,20.75,1241636.0,25654482.0,0.028,20.75,20.7,369000.0,423000.0,20.661,1.72,-38.706,0.552,20.729999999999976,20.70749999999999,0.022499999999986642
2020-08-17 13:24:58,20.75,1241636.0,25654482.0,0.027999999999999997,20.75,20.7,369000.0,423000.0,20.660999999999998,1.72,-38.586999999999996,0.551,20.739999999999974,20.709999999999987,0.029999999999986926
2020-08-17 13:24:58,20.75,1242636.0,25675182.0,0.028,20.75,20.7,371000.0,422000.0,20.661,1.72,-39.37300000000001,0.547,20.749999999999975,20.712499999999988,0.03749999999998721
2020-08-17 13:24:58,20.75,1242636.0,25675182.0,0.027999999999999997,20.75,20.7,377000.0,422000.0,20.660999999999998,1.72,-31.660999999999998,0.544,20.749999999999975,20.71499999999999,0.03499999999998593
2020-08-17 13:24:58,20.75,1242636.0,25675182.0,0.028,20.75,20.7,376000.0,422000.0,20.661,1.72,-31.399,0.541,20.749999999999975,20.71749999999999,0.03249999999998465
2020-08-17 13:24:58,20.75,1242636.0,25675182.0,0.027999999999999997,20.75,20.7,376000.0,401000.0,20.660999999999998,1.72,-32.611,0.5379999999999999,20.749999999999975,20.71999999999999,0.029999999999983373
2020-08-17 13:24:58,20.75,1242636.0,25675182.0,0.028,20.75,20.7,378000.0,402000.0,20.661,1.72,-32.559,0.535,20.749999999999975,20.72249999999999,0.027499999999985647
2020-08-17 13:24:58,20.75,1242636.0,25675182.0,0.027999999999999997,20.75,20.7,382000.0,403000.0,20.660999999999998,1.72,-31.908,0.531,20.749999999999975,20.72499999999999,0.024999999999984368
2020-08-17 13:24:58,20.75,1242636.0,25675182.0,0.028,20.75,20.7,386000.0,403000.0,20.661,1.72,-31.935,0.528,20.749999999999975,20.727499999999992,0.02249999999998309
2020-08-17 13:24:58,20.75,1242636.0,25675182.0,0.027999999999999997,20.75,20.7,382000.0,403000.0,20.660999999999998,1.72,-31.826,0.525,20.749999999999975,20.729999999999993,0.01999999999998181
2020-08-17 13:24:58,20.75,1242636.0,25675182.0,0.028,20.75,20.7,386000.0,414000.0,20.661,1.72,-31.458,0.522,20.749999999999975,20.732499999999995,0.01749999999998053
2020-08-17 13:24:58,20.75,1242636.0,25675182.0,0.027999999999999997,20.75,20.7,386000.0,414000.0,20.660999999999998,1.72,-31.353,0.519,20.749999999999975,20.734999999999992,0.014999999999982805
2020-08-17 13:24:58,20.75,1242636.0,25675182.0,0.028,20.75,20.7,386000.0,414000.0,20.661,1.72,-31.573,0.516,20.749999999999975,20.737499999999994,0.012499999999981526
2020-08-17 13:24:58,20.75,1242636.0,25675182.0,0.027999999999999997,20.75,20.7,389000.0,414000.0,20.660999999999998,1.72,-31.980999999999998,0.513,20.749999999999975,20.739999999999995,0.009999999999980247
2020-08-17 13:24:58,20.75,1242636.0,25675182.0,0.028,20.75,20.7,390000.0,415000.0,20.661,1.72,-31.955,0.51,20.749999999999975,20.742499999999996,0.007499999999978968
2020-08-17 13:24:58,20.75,1242636.0,25675182.0,0.027999999999999997,20.75,20.7,394000.0,415000.0,20.660999999999998,1.72,-32.063,0.507,20.749999999999975,20.744999999999997,0.004999999999977689
2020-08-17 13:24:58,20.75,1244636.0,25716682.0,0.028,20.75,20.7,388000.0,425000.0,20.662,1.72,-31.485,0.505,20.749999999999975,20.747499999999995,0.0024999999999799627
2020-08-17 13:45:08,20.7,1246636.0,25758082.0,0.027999999999999997,20.75,20.7,389000.0,445000.0,20.662,1.72,-31.564,0.504,20.739999999999974,20.747499999999995,-0.0075000000000216005
2020-08-17 13:45:08,20.7,1248636.0,25799482.0,0.028,20.75,20.7,391000.0,444000.0,20.662,1.72,-31.483,0.502,20.729999999999976,20.744999999999997,-0.015000000000021885
2020-08-17 13:45:08,20.7,1248636.0,25799482.0,0.027999999999999997,20.75,20.7,402000.0,444000.0,20.662,1.72,-30.88,0.499,20.719999999999978,20.742499999999996,-0.022500000000018616
2020-08-17 13:45:08,20.7,1248636.0,25799482.0,0.028,20.75,20.7,396000.0,444000.0,20.662,1.72,-30.963,0.4970000000000001,20.709999999999976,20.739999999999995,-0.0300000000000189
2020-08-17 13:45:08,20.7,1248636.0,25799482.0,0.027999999999999997,20.75,20.7,396000.0,443000.0,20.662,1.72,-31.015,0.494,20.699999999999978,20.737499999999994,-0.03750000000001563
2020-08-17 13:50:33,20.7,1252636.0,25882382.0,0.028,20.75,20.7,397000.0,480000.0,20.662,1.72,-29.032,0.4920000000000001,20.699999999999978,20.734999999999992,-0.03500000000001435
2020-08-17 13:50:33,20.7,1252636.0,25882382.0,0.027999999999999997,20.75,20.7,399000.0,477000.0,20.662,1.72,-29.31900000000001,0.49,20.699999999999978,20.732499999999995,-0.03250000000001663
2020-08-17 13:52:21,20.75,1253636.0,25903132.0,0.028,20.75,20.7,396000.0,482000.0,20.662,1.72,-29.075,0.488,20.709999999999976,20.732499999999995,-0.022500000000018616
2020-08-17 13:53:20,20.7,1256636.0,25965282.0,0.027999999999999997,20.75,20.7,398000.0,450000.0,20.662,1.72,-29.634,0.486,20.709999999999976,20.729999999999993,-0.020000000000017337
2020-08-17 13:53:20,20.7,1256636.0,25965282.0,0.028,20.75,20.7,408000.0,416000.0,20.662,1.72,-30.536,0.484,20.709999999999976,20.727499999999992,-0.01750000000001606
2020-08-17 13:55:15,20.75,1261636.0,26068932.0,0.027999999999999997,20.75,20.7,405000.0,478000.0,20.662,1.72,-26.947,0.483,20.719999999999978,20.727499999999992,-0.007500000000014495
2020-08-17 13:57:00,20.75,1277636.0,26400582.0,0.028,20.75,20.7,398000.0,465000.0,20.663,1.72,-27.336,0.486,20.729999999999976,20.727499999999992,0.0024999999999835154
2020-08-17 13:57:00,20.75,1277636.0,26400582.0,0.027999999999999997,20.75,20.7,399000.0,462000.0,20.663,1.72,-27.511,0.484,20.729999999999976,20.727499999999992,0.0024999999999835154
2020-08-17 13:57:00,20.75,1277636.0,26400582.0,0.028,20.75,20.7,399000.0,452000.0,20.663,1.72,-27.573,0.481,20.739999999999974,20.727499999999992,0.012499999999981526
2020-08-17 13:57:00,20.75,1277636.0,26400582.0,0.027999999999999997,20.75,20.7,432000.0,453000.0,20.663,1.72,-29.862,0.479,20.749999999999975,20.727499999999992,0.02249999999998309
2020-08-17 13:57:00,20.75,1277636.0,26400582.0,0.028,20.75,20.7,433000.0,428000.0,20.663,1.72,-29.831,0.476,20.749999999999975,20.727499999999992,0.02249999999998309
2020-08-17 14:01:50,20.7,1359636.0,28101282.0,0.03,20.75,20.7,378000.0,442000.0,20.668000000000006,1.72,-28.351999999999997,0.504,20.739999999999974,20.72499999999999,0.014999999999982805
2020-08-17 14:03:23,20.75,1362636.0,28163482.0,0.03,20.75,20.7,381000.0,436000.0,20.668000000000006,1.72,-29.505,0.503,20.739999999999974,20.72499999999999,0.014999999999982805
2020-08-17 14:04:26,20.7,1366636.0,28246332.0,0.03,20.75,20.7,383000.0,469000.0,20.668000000000006,1.72,-27.628,0.503,20.729999999999976,20.72249999999999,0.007499999999986073
2020-08-17 14:04:26,20.7,1367636.0,28267032.0,0.03,20.75,20.7,390000.0,474000.0,20.668000000000006,1.72,-27.555,0.501,20.719999999999978,20.71999999999999,-1.4210854715202004e-14
2020-08-17 14:04:26,20.7,1369636.0,28308432.0,0.03,20.75,20.7,413000.0,467000.0,20.668000000000006,1.72,-28.146,0.499,20.709999999999976,20.71999999999999,-0.010000000000015774
2020-08-17 14:04:26,20.7,1372636.0,28370532.0,0.031,20.75,20.7,409000.0,466000.0,20.668000000000006,1.72,-28.0,0.4970000000000001,20.709999999999976,20.71999999999999,-0.010000000000015774
2020-08-17 14:08:01,20.7,1605636.0,33195182.0,0.036000000000000004,20.75,20.7,398000.0,376000.0,20.674,1.72,-32.632,0.579,20.699999999999978,20.71999999999999,-0.020000000000013785
2020-08-17 14:08:01,20.7,1611636.0,33319382.0,0.036000000000000004,20.75,20.7,393000.0,397000.0,20.674,1.72,-31.554,0.578,20.699999999999978,20.71999999999999,-0.020000000000013785
2020-08-17 14:10:27,20.7,1614636.0,33381582.0,0.036000000000000004,20.75,20.7,391000.0,403000.0,20.674,1.72,-31.419,0.5770000000000001,20.699999999999978,20.71999999999999,-0.020000000000013785
